@ARTICLE{Aracil2006,
   author = {{Aracil}, B. and {Tripp}, T.~M. and {Bowen}, D.~V. and {Prochaska}, J.~X. and 
	{Chen}, H.-W. and {Frye}, B.~L.},
    title = "{High-metallicity, photoionized gas in intergalactic large-scale filaments}",
  journal = {\mnras},
   eprint = {astro-ph/0512163},
 keywords = {galaxies: abundances-intergalactic medium-quasars: individual: HS0624+6907-large-scale structure of Universe},
     year = 2006,
    month = mar,
   volume = 367,
    pages = {139-155},
      doi = {10.1111/j.1365-2966.2005.09962.x},
   adsurl = {http://adsabs.harvard.edu/abs/2006MNRAS.367..139A},
  adsnote = {Provided by the SAO/NASA Astrophysics Data System}
}

@ARTICLE{Bahcall1993,
   author = {{Bahcall}, J.~N. and {Bergeron}, J. and {Boksenberg}, A. and 
	{Hartig}, G.~F. and {Jannuzi}, B.~T. and {Kirhakos}, S. and 
	{Sargent}, W.~L.~W. and {Savage}, B.~D. and {Schneider}, D.~P. and 
	{Turnshek}, D.~A. and {Weymann}, R.~J. and {Wolfe}, A.~M.},
    title = "{The Hubble Space Telescope quasar absorption line key project. I - First observational results, including Lyman-alpha and Lyman-limit systems}",
  journal = {\apjs},
 keywords = {Absorption Spectra, Hubble Space Telescope, Lyman Alpha Radiation, Quasars, Emission Spectra, Maximum Likelihood Estimates, Red Shift, Ultraviolet Spectra},
     year = 1993,
    month = jul,
   volume = 87,
    pages = {1-43},
      doi = {10.1086/191797},
   adsurl = {http://adsabs.harvard.edu/abs/1993ApJS...87....1B},
  adsnote = {Provided by the SAO/NASA Astrophysics Data System}
}

@ARTICLE{Bagdonaite2014,
   author = {{Bagdonaite}, J. and {Ubachs}, W. and {Murphy}, M.~T. and {Whitmore}, J.~B.
	},
    title = "{Analysis of Molecular Hydrogen Absorption toward QSO B0642-5038 for a Varying Proton-to-electron Mass Ratio}",
  journal = {\apj},
archivePrefix = "arXiv",
   eprint = {1308.1330},
 keywords = {galaxies: high-redshift, ISM: molecules, quasars: absorption lines},
     year = 2014,
    month = feb,
   volume = 782,
      eid = {10},
    pages = {10},
      doi = {10.1088/0004-637X/782/1/10},
   adsurl = {http://adsabs.harvard.edu/abs/2014ApJ...782...10B},
  adsnote = {Provided by the SAO/NASA Astrophysics Data System}
}

@ARTICLE{Behroozi2010,
   author = {{Behroozi}, P.~S. and {Conroy}, C. and {Wechsler}, R.~H.},
    title = "{A Comprehensive Analysis of Uncertainties Affecting the Stellar Mass-Halo Mass Relation for 0 {\lt} z {\lt} 4}",
  journal = {\apj},
archivePrefix = "arXiv",
   eprint = {1001.0015},
 primaryClass = "astro-ph.CO",
 keywords = {dark matter, galaxies: abundances, galaxies: evolution, galaxies: stellar content},
     year = 2010,
    month = jul,
   volume = 717,
    pages = {379-403},
      doi = {10.1088/0004-637X/717/1/379},
   adsurl = {http://adsabs.harvard.edu/abs/2010ApJ...717..379B},
  adsnote = {Provided by the SAO/NASA Astrophysics Data System}
}

@ARTICLE{Behroozi2013sfr,
   author = {{Behroozi}, P.~S. and {Wechsler}, R.~H. and {Conroy}, C.},
    title = "{The Average Star Formation Histories of Galaxies in Dark Matter Halos from z = 0-8}",
  journal = {\apj},
archivePrefix = "arXiv",
   eprint = {1207.6105},
 primaryClass = "astro-ph.CO",
 keywords = {dark matter, galaxies: abundances, galaxies: evolution, methods: numerical},
     year = 2013,
    month = jun,
   volume = 770,
      eid = {57},
    pages = {57},
      doi = {10.1088/0004-637X/770/1/57},
   adsurl = {http://adsabs.harvard.edu/abs/2013ApJ...770...57B},
  adsnote = {Provided by the SAO/NASA Astrophysics Data System}
}

@ARTICLE{Behroozi2013galaxies,
   author = {{Behroozi}, P.~S. and {Marchesini}, D. and {Wechsler}, R.~H. and 
	{Muzzin}, A. and {Papovich}, C. and {Stefanon}, M.},
    title = "{Using Cumulative Number Densities to Compare Galaxies across Cosmic Time}",
  journal = {\apjl},
archivePrefix = "arXiv",
   eprint = {1308.3232},
 primaryClass = "astro-ph.CO",
 keywords = {galaxies: evolution },
     year = 2013,
    month = nov,
   volume = 777,
      eid = {L10},
    pages = {L10},
      doi = {10.1088/2041-8205/777/1/L10},
   adsurl = {http://adsabs.harvard.edu/abs/2013ApJ...777L..10B},
  adsnote = {Provided by the SAO/NASA Astrophysics Data System}
}

@ARTICLE{Bergeron1991,
   author = {{Bergeron}, J. and {Boiss{\'e}}, P.},
    title = "{A sample of galaxies giving rise to Mg II quasar absorption systems}",
  journal = {\aap},
 keywords = {Absorption Spectra, Galactic Evolution, Magnesium, Metallicity, Quasars, Astronomical Spectroscopy, Emission Spectra, Galactic Structure, Red Shift, Spectral Line Width},
     year = 1991,
    month = mar,
   volume = 243,
    pages = {344-366},
   adsurl = {http://adsabs.harvard.edu/abs/1991A%26A...243..344B},
  adsnote = {Provided by the SAO/NASA Astrophysics Data System}
}

@ARTICLE{Bertin1996,
   author = {{Bertin}, E. and {Arnouts}, S.},
    title = "{SExtractor: Software for source extraction.}",
  journal = {\aaps},
 keywords = {METHODS: DATA ANALYSIS, TECHNIQUES: IMAGE PROCESSING, GALAXIES: PHOTOMETRY},
     year = 1996,
    month = jun,
   volume = 117,
    pages = {393-404},
   adsurl = {http://adsabs.harvard.edu/abs/1996A%26AS..117..393B},
  adsnote = {Provided by the SAO/NASA Astrophysics Data System}
}

@ARTICLE{Birnboim2003,
   author = {{Birnboim}, Y. and {Dekel}, A.},
    title = "{Virial shocks in galactic haloes?}",
  journal = {\mnras},
   eprint = {arXiv:astro-ph/0302161},
 keywords = {hydrodynamics, shock waves, cooling flows, galaxies: formation, galaxies: ISM, dark matter},
     year = 2003,
    month = oct,
   volume = 345,
    pages = {349-364},
      doi = {10.1046/j.1365-8711.2003.06955.x},
   adsurl = {http://adsabs.harvard.edu/abs/2003MNRAS.345..349B},
  adsnote = {Provided by the SAO/NASA Astrophysics Data System}
}

@ARTICLE{Bordoloi2011,
   author = {{Bordoloi}, R. and {Lilly}, S.~J. and {Knobel}, C. and {Bolzonella}, M. and 
	{Kampczyk}, P. and {Carollo}, C.~M. and {Iovino}, A. and {Zucca}, E. and 
	{Contini}, T. and {Kneib}, J.-P. and {Le Fevre}, O. and {Mainieri}, V. and 
	{Renzini}, A. and {Scodeggio}, M. and {Zamorani}, G. and {Balestra}, I. and 
	{Bardelli}, S. and {Bongiorno}, A. and {Caputi}, K. and {Cucciati}, O. and 
	{de la Torre}, S. and {de Ravel}, L. and {Garilli}, B. and {Kova{\v c}}, K. and 
	{Lamareille}, F. and {Le Borgne}, J.-F. and {Le Brun}, V. and 
	{Maier}, C. and {Mignoli}, M. and {Pello}, R. and {Peng}, Y. and 
	{Perez Montero}, E. and {Presotto}, V. and {Scarlata}, C. and 
	{Silverman}, J. and {Tanaka}, M. and {Tasca}, L. and {Tresse}, L. and 
	{Vergani}, D. and {Barnes}, L. and {Cappi}, A. and {Cimatti}, A. and 
	{Coppa}, G. and {Diener}, C. and {Franzetti}, P. and {Koekemoer}, A. and 
	{L{\'o}pez-Sanjuan}, C. and {McCracken}, H.~J. and {Moresco}, M. and 
	{Nair}, P. and {Oesch}, P. and {Pozzetti}, L. and {Welikala}, N.
	},
    title = "{The Radial and Azimuthal Profiles of Mg II Absorption around 0.5 {\lt} z {\lt} 0.9 zCOSMOS Galaxies of Different Colors, Masses, and Environments}",
  journal = {\apj},
archivePrefix = "arXiv",
   eprint = {1106.0616},
 primaryClass = "astro-ph.CO",
 keywords = {galaxies: evolution, galaxies: groups: general, galaxies: high-redshift, intergalactic medium, ISM: jets and outflows, quasars: absorption lines },
     year = 2011,
    month = dec,
   volume = 743,
      eid = {10},
    pages = {10},
      doi = {10.1088/0004-637X/743/1/10},
   adsurl = {http://adsabs.harvard.edu/abs/2011ApJ...743...10B},
  adsnote = {Provided by the SAO/NASA Astrophysics Data System}
}

@ARTICLE{Bordoloi2014,
   author = {{Bordoloi}, R. and {Lilly}, S.~J. and {Kacprzak}, G.~G. and 
	{Churchill}, C.~W.},
    title = "{Modeling the Distribution of Mg II Absorbers around Galaxies Using Background Galaxies and Quasars}",
  journal = {\apj},
archivePrefix = "arXiv",
   eprint = {1211.3774},
 keywords = {galaxies: evolution, galaxies: general, galaxies: high-redshift, intergalactic medium, ISM: jets and outflows, quasars: absorption lines},
     year = 2014,
    month = apr,
   volume = 784,
      eid = {108},
    pages = {108},
      doi = {10.1088/0004-637X/784/2/108},
   adsurl = {http://adsabs.harvard.edu/abs/2014ApJ...784..108B},
  adsnote = {Provided by the SAO/NASA Astrophysics Data System}
}

@ARTICLE{Bothwell2013,
   author = {{Bothwell}, M.~S. and {Maiolino}, R. and {Kennicutt}, R. and 
	{Cresci}, G. and {Mannucci}, F. and {Marconi}, A. and {Cicone}, C.
	},
    title = "{A fundamental relation between the metallicity, gas content and stellar mass of local galaxies}",
  journal = {\mnras},
archivePrefix = "arXiv",
   eprint = {1304.4940},
 primaryClass = "astro-ph.CO",
 keywords = {galaxies: abundances, galaxies: evolution, galaxies: formation, galaxies: statistics},
     year = 2013,
    month = aug,
   volume = 433,
    pages = {1425-1435},
      doi = {10.1093/mnras/stt817},
   adsurl = {http://adsabs.harvard.edu/abs/2013MNRAS.433.1425B},
  adsnote = {Provided by the SAO/NASA Astrophysics Data System}
}

@ARTICLE{Bouche2006,
   author = {{Bouch{\'e}}, N. and {Murphy}, M.~T. and {P{\'e}roux}, C. and 
	{Csabai}, I. and {Wild}, V.},
    title = "{New perspectives on strong z \~{}= 0.5 MgII absorbers: are halo mass and equivalent width anticorrelated?}",
  journal = {\mnras},
   eprint = {astro-ph/0606328},
 keywords = {galaxies: evolution , galaxies: haloes , quasars: absorption lines , cosmology: observations},
     year = 2006,
    month = sep,
   volume = 371,
    pages = {495-512},
      doi = {10.1111/j.1365-2966.2006.10685.x},
   adsurl = {http://adsabs.harvard.edu/abs/2006MNRAS.371..495B},
  adsnote = {Provided by the SAO/NASA Astrophysics Data System}
}

@ARTICLE{Bouche2012,
   author = {{Bouch{\'e}}, N. and {Hohensee}, W. and {Vargas}, R. and {Kacprzak}, G.~G. and 
	{Martin}, C.~L. and {Cooke}, J. and {Churchill}, C.~W.},
    title = "{Physical properties of galactic winds using background quasars}",
  journal = {\mnras},
archivePrefix = "arXiv",
   eprint = {1110.5877},
 primaryClass = "astro-ph.CO",
 keywords = {galaxies: evolution, galaxies: formation, galaxies: haloes, galaxies: kinematics and dynamics, intergalactic medium, quasars: absorption lines},
     year = 2012,
    month = oct,
   volume = 426,
    pages = {801-815},
      doi = {10.1111/j.1365-2966.2012.21114.x},
   adsurl = {http://adsabs.harvard.edu/abs/2012MNRAS.426..801B},
  adsnote = {Provided by the SAO/NASA Astrophysics Data System}
}

@Book{Brown1974,
  author =	{{Brown}, B. W. and {Hollander}, M. and {Korwar}, R. M.},
  title =	"in Reliability and Biometry",
  editor =      "F. Proschan and R. J. Serfling",
  publisher =	"Philadelphia:SIAM",
  year = 	"1974",
  ISBN = 	"327",
  pages =       "327",
}

@ARTICLE{Brown2002,
  author = {{Brown}, T. and {Davies}, J. and {Diaz-Miller}, R.},
  journal = "{{\it HST} STIS Data Handbook, version 4.0}",
  year = "{et al. 2002}",
  volume = "{ed. B. Mobasher}",
  pages = "{(Baltimore: STScI)}"
}

@ARTICLE{BryanNorman1998,
   author = {{Bryan}, G.~L. and {Norman}, M.~L.},
    title = "{Statistical Properties of X-Ray Clusters: Analytic and Numerical Comparisons}",
  journal = {\apj},
   eprint = {arXiv:astro-ph/9710107},
 keywords = {GALAXIES: CLUSTERS: GENERAL, METHODS: NUMERICAL, X-RAYS: GALAXIES},
     year = 1998,
    month = mar,
   volume = 495,
    pages = {80-99},
      doi = {10.1086/305262},
   adsurl = {http://adsabs.harvard.edu/abs/1998ApJ...495...80B},
  adsnote = {Provided by the SAO/NASA Astrophysics Data System}
}

@ARTICLE{Bullock2001,
   author = {{Bullock}, J.~S. and {Kolatt}, T.~S. and {Sigad}, Y. and {Somerville}, R.~S. and 
	{Kravtsov}, A.~V. and {Klypin}, A.~A. and {Primack}, J.~R. and 
	{Dekel}, A.},
    title = "{Profiles of dark haloes: evolution, scatter and environment}",
  journal = {\mnras},
   eprint = {astro-ph/9908159},
 keywords = {GALAXIES: FORMATION, GALAXIES: STRUCTURE, COSMOLOGY: THEORY, DARK MATTER, galaxies: formation, galaxies: structure, cosmology: theory, dark matter},
     year = 2001,
    month = mar,
   volume = 321,
    pages = {559-575},
      doi = {10.1046/j.1365-8711.2001.04068.x},
   adsurl = {http://adsabs.harvard.edu/abs/2001MNRAS.321..559B},
  adsnote = {Provided by the SAO/NASA Astrophysics Data System}
}

@ARTICLE{Charlton2000,
   author = {{Charlton}, J.~C. and {Mellon}, R.~R. and {Rigby}, J.~R. and 
	{Churchill}, C.~W.},
    title = "{Anticipating High-Resolution STIS Spectra of Four Multiphase Mg II Absorbers: A Test of Photoionization Models}",
  journal = {\apj},
 keywords = {Galaxies: Evolution, Galaxies: Halos, Galaxies: Quasars: Absorption Lines},
     year = 2000,
    month = dec,
   volume = 545,
    pages = {635-656},
      doi = {10.1086/317825},
   adsurl = {http://adsabs.harvard.edu/abs/2000ApJ...545..635C},
  adsnote = {Provided by the SAO/NASA Astrophysics Data System}
}

@ARTICLE{Chelouche2010,
   author = {{Chelouche}, D. and {Bowen}, D.~V.},
    title = "{A Kennicutt-Schmidt Law for Intervening Absorption Line Systems}",
  journal = {\apj},
archivePrefix = "arXiv",
   eprint = {1008.2769},
 primaryClass = "astro-ph.CO",
 keywords = {galaxies: evolution, intergalactic medium, ISM: jets and outflows, quasars: absorption lines, stars: formation},
     year = 2010,
    month = oct,
   volume = 722,
    pages = {1821-1843},
      doi = {10.1088/0004-637X/722/2/1821},
   adsurl = {http://adsabs.harvard.edu/abs/2010ApJ...722.1821C},
  adsnote = {Provided by the SAO/NASA Astrophysics Data System}
}

@ARTICLE{Chen1998,
   author = {{Chen}, H.-W. and {Lanzetta}, K.~M. and {Webb}, J.~K. and {Barcons}, X.
	},
    title = "{The Gaseous Extent of Galaxies and the Origin of Ly alpha Absorption Systems. III. Hubble Space Telescope Imaging of Ly alpha -absorbing Galaxies at Z {\lt} 1}",
  journal = {\apj},
   eprint = {arXiv:astro-ph/9710310},
 keywords = {GALAXIES: QUASARS: ABSORPTION LINES, GALAXIES: CLUSTERS: GENERAL, GALAXIES: DISTANCES AND REDSHIFTS},
     year = 1998,
    month = may,
   volume = 498,
    pages = {77},
      doi = {10.1086/305554},
   adsurl = {http://adsabs.harvard.edu/abs/1998ApJ...498...77C},
  adsnote = {Provided by the SAO/NASA Astrophysics Data System}
}

@ARTICLE{Chen2001,
   author = {{Chen}, H.-W. and {Lanzetta}, K.~M. and {Webb}, J.~K. and {Barcons}, X.
	},
    title = "{The Gaseous Extent of Galaxies and the Origin of Ly{$\alpha$} Absorption Systems. V. Optical and Near-Infrared Photometry of Ly{$\alpha$}-absorbing Galaxies at z{\lt}1}",
  journal = {\apj},
   eprint = {arXiv:astro-ph/0107137},
 keywords = {Galaxies: Evolution, Galaxies: Halos, Galaxies: ISM, Galaxies: Quasars: Absorption Lines},
     year = 2001,
    month = oct,
   volume = 559,
    pages = {654-674},
      doi = {10.1086/322414},
   adsurl = {http://adsabs.harvard.edu/abs/2001ApJ...559..654C},
  adsnote = {Provided by the SAO/NASA Astrophysics Data System}
}

@ARTICLE{Chen2001CIV,
   author = {{Chen}, H.-W. and {Lanzetta}, K.~M. and {Webb}, J.~K.},
    title = "{The Origin of C IV Absorption Systems at Redshifts z {\lt} 1: Discovery of Extended C IV Envelopes around Galaxies}",
  journal = {\apj},
   eprint = {astro-ph/0104403},
 keywords = {Galaxies: Evolution, Galaxies: Halos, Galaxies: Quasars: Absorption Lines},
     year = 2001,
    month = jul,
   volume = 556,
    pages = {158-163},
      doi = {10.1086/321537},
   adsurl = {http://adsabs.harvard.edu/abs/2001ApJ...556..158C},
  adsnote = {Provided by the SAO/NASA Astrophysics Data System}
}

@ARTICLE{Chen2009,
   author = {{Chen}, H.-W. and {Mulchaey}, J.~S.},
    title = "{Probing The Intergalactic Medium-Galaxy Connection At z {\lt} 0.5. I. A Galaxy Survey In Qso Fields And A Galaxy-Absorber Cross-Correlation Study}",
  journal = {\apj},
archivePrefix = "arXiv",
   eprint = {0906.3293},
 primaryClass = "astro-ph.CO",
 keywords = {cosmology: observations, intergalactic medium, quasars: absorption lines},
     year = 2009,
    month = aug,
   volume = 701,
    pages = {1219-1242},
      doi = {10.1088/0004-637X/701/2/1219},
   adsurl = {http://adsabs.harvard.edu/abs/2009ApJ...701.1219C},
  adsnote = {Provided by the SAO/NASA Astrophysics Data System}
}

@ARTICLE{Chen2010a,
   author = {{Chen}, H.-W. and {Helsby}, J.~E. and {Gauthier}, J.-R. and 
	{Shectman}, S.~A. and {Thompson}, I.~B. and {Tinker}, J.~L.},
    title = "{An Empirical Characterization of Extended Cool Gas Around Galaxies Using Mg II Absorption Features}",
  journal = {\apj},
archivePrefix = "arXiv",
   eprint = {1004.0705},
 primaryClass = "astro-ph.CO",
 keywords = {cosmology: observations, intergalactic medium, quasars: absorption lines},
     year = 2010,
    month = may,
   volume = 714,
    pages = {1521-1541},
      doi = {10.1088/0004-637X/714/2/1521},
   adsurl = {http://adsabs.harvard.edu/abs/2010ApJ...714.1521C},
  adsnote = {Provided by the SAO/NASA Astrophysics Data System}
}

@ARTICLE{Chen2010b,
   author = {{Chen}, H.-W. and {Wild}, V. and {Tinker}, J.~L. and {Gauthier}, J.-R. and 
	{Helsby}, J.~E. and {Shectman}, S.~A. and {Thompson}, I.~B.},
    title = "{What Determines the Incidence and Extent of Mg II Absorbing Gas Around Galaxies?}",
  journal = {\apjl},
archivePrefix = "arXiv",
   eprint = {1011.0735},
 keywords = {cosmology: observations, galaxies: halos, intergalactic medium, quasars: absorption lines},
     year = 2010,
    month = dec,
   volume = 724,
    pages = {L176-L182},
      doi = {10.1088/2041-8205/724/2/L176},
   adsurl = {http://adsabs.harvard.edu/abs/2010ApJ...724L.176C},
  adsnote = {Provided by the SAO/NASA Astrophysics Data System}
}

@ARTICLE{Chen2012,
   author = {{Chen}, H.-W.},
    title = "{The unchanging circumgalactic medium over the past 11 billion years}",
  journal = {\mnras},
archivePrefix = "arXiv",
   eprint = {1209.1094},
 primaryClass = "astro-ph.CO",
 keywords = {surveys, galaxies: haloes, quasars: absorption lines, galaxies: star formation},
     year = 2012,
    month = dec,
   volume = 427,
    pages = {1238-1244},
      doi = {10.1111/j.1365-2966.2012.22053.x},
   adsurl = {http://adsabs.harvard.edu/abs/2012MNRAS.427.1238C},
  adsnote = {Provided by the SAO/NASA Astrophysics Data System}
}

@ARTICLE{Chen2016,
   author = {{Chen}, S.-F.~S. and {Simcoe}, R.~A. and {Torrey}, P. and {Ba{\~n}ados}, E. and 
	{Cooksey}, K. and {Cooper}, T. and {Furesz}, G. and {Matejek}, M. and 
	{Miller}, D. and {Turner}, M. and {Venemans}, B. and {Decarli}, R. and 
	{Farina}, E.~P. and {Mazzucchelli}, C. and {Walter}, F.},
    title = "{Mg II Absorption at 2$\lt$z$\lt$7 with Magellan/FIRE, III. Full Statistics of Absorption Towards 100 High-Redshift QSOs}",
  journal = {ArXiv e-prints},
archivePrefix = "arXiv",
   eprint = {1612.02829},
 keywords = {Astrophysics - Cosmology and Nongalactic Astrophysics, Astrophysics - Astrophysics of Galaxies},
     year = 2016,
    month = dec,
   adsurl = {http://adsabs.harvard.edu/abs/2016arXiv161202829C},
  adsnote = {Provided by the SAO/NASA Astrophysics Data System}
}

@ARTICLE{Churchill1999,
   author = {{Churchill}, C.~W. and {Rigby}, J.~R. and {Charlton}, J.~C. and 
	{Vogt}, S.~S.},
    title = "{The Population of Weak Mg II Absorbers. I. A Survey of 26 QSO HIRES/Keck Spectra}",
  journal = {\apjs},
   eprint = {arXiv:astro-ph/9807131},
 keywords = {GALAXIES: EVOLUTION, GALAXIES: ISM, GALAXIES: QUASARS: ABSORPTION LINES},
     year = 1999,
    month = jan,
   volume = 120,
    pages = {51-75},
      doi = {10.1086/313168},
   adsurl = {http://adsabs.harvard.edu/abs/1999ApJS..120...51C},
  adsnote = {Provided by the SAO/NASA Astrophysics Data System}
}

@ARTICLE{Churchill2000,
   author = {{Churchill}, C.~W. and {Mellon}, R.~R. and {Charlton}, J.~C. and 
	{Jannuzi}, B.~T. and {Kirhakos}, S. and {Steidel}, C.~C. and 
	{Schneider}, D.~P.},
    title = "{Low- and High-Ionization Absorption Properties of Mg II Absorption-selected Galaxies at Intermediate Redshifts. I. General Properties}",
  journal = {\apjs},
   eprint = {astro-ph/0005585},
 keywords = {Galaxies: Evolution, Galaxies: Halos, Galaxies: Quasars: Absorption Lines},
     year = 2000,
    month = sep,
   volume = 130,
    pages = {91-119},
      doi = {10.1086/317343},
   adsurl = {http://adsabs.harvard.edu/abs/2000ApJS..130...91C},
  adsnote = {Provided by the SAO/NASA Astrophysics Data System}
}

@ARTICLE{Churchill2001,
   author = {{Churchill}, C.~W. and {Vogt}, S.~S.},
    title = "{The Kinematics of Intermediate-Redshift Mg II Absorbers}",
  journal = {\aj},
   eprint = {arXiv:astro-ph/0106006},
 keywords = {Galaxies: Halos, Galaxies: ISM, Galaxies: Kinematics and Dynamics, Galaxies: Quasars: Absorption Lines},
     year = 2001,
    month = aug,
   volume = 122,
    pages = {679-713},
      doi = {10.1086/321174},
   adsurl = {http://adsabs.harvard.edu/abs/2001AJ....122..679C},
  adsnote = {Provided by the SAO/NASA Astrophysics Data System}
}

@ARTICLE{Churchill2003,
   author = {{Churchill}, C.~W. and {Vogt}, S.~S. and {Charlton}, J.~C.},
    title = "{The Physical Conditions of Intermediate-Redshift Mg II Absorbing Clouds from Voigt Profile Analysis}",
  journal = {\aj},
   eprint = {astro-ph/0210196},
 keywords = {Galaxies: Halos, Galaxies: ISM, Galaxies: Kinematics and Dynamics, Galaxies: Quasars: Absorption Lines},
     year = 2003,
    month = jan,
   volume = 125,
    pages = {98-115},
      doi = {10.1086/345513},
   adsurl = {http://adsabs.harvard.edu/abs/2003AJ....125...98C},
  adsnote = {Provided by the SAO/NASA Astrophysics Data System}
}

@ARTICLE{Churchill2013letter,
   author = {{Churchill}, C.~W. and {Nielsen}, N.~M. and {Kacprzak}, G.~G. and 
	{Trujillo-Gomez}, S.},
    title = "{The Self-similarity of the Circumgalactic Medium with Galaxy Virial Mass: Implications for Cold-mode Accretion}",
  journal = {\apjl},
archivePrefix = "arXiv",
   eprint = {1211.1008},
 keywords = {galaxies: halos, quasars: absorption lines},
     year = 2013,
    month = feb,
   volume = 763,
      eid = {L42},
    pages = {L42},
      doi = {10.1088/2041-8205/763/2/L42},
   adsurl = {http://adsabs.harvard.edu/abs/2013ApJ...763L..42C},
  adsnote = {Provided by the SAO/NASA Astrophysics Data System}
}

@ARTICLE{Churchill2012Q1317,
   author = {{Churchill}, C.~W. and {Kacprzak}, G.~G. and {Steidel}, C.~C. and 
	{Spitler}, L.~R. and {Holtzman}, J. and {Nielsen}, N.~M. and 
	{Trujillo-Gomez}, S.},
    title = "{Quenched Cold Accretion of a Large-scale Metal-poor Filament due to Virial Shocking in the Halo of a Massive z = 0.7 Galaxy}",
  journal = {\apj},
archivePrefix = "arXiv",
   eprint = {1205.0595},
 primaryClass = "astro-ph.CO",
 keywords = {galaxies: evolution, galaxies: halos, quasars: absorption lines},
     year = 2012,
    month = nov,
   volume = 760,
      eid = {68},
    pages = {68},
      doi = {10.1088/0004-637X/760/1/68},
   adsurl = {http://adsabs.harvard.edu/abs/2012ApJ...760...68C},
  adsnote = {Provided by the SAO/NASA Astrophysics Data System}
}

@ARTICLE{Conroy2009,
   author = {{Conroy}, C. and {Wechsler}, R.~H.},
    title = "{Connecting Galaxies, Halos, and Star Formation Rates Across Cosmic Time}",
  journal = {\apj},
archivePrefix = "arXiv",
   eprint = {0805.3346},
 keywords = {cosmology: theory, dark matter, galaxies: formation, galaxies: halos, large-scale structure of universe},
     year = 2009,
    month = may,
   volume = 696,
    pages = {620-635},
      doi = {10.1088/0004-637X/696/1/620},
   adsurl = {http://adsabs.harvard.edu/abs/2009ApJ...696..620C},
  adsnote = {Provided by the SAO/NASA Astrophysics Data System}
}

@ARTICLE{Cooksey2008,
   author = {{Cooksey}, K.~L. and {Prochaska}, J.~X. and {Chen}, H.-W. and 
	{Mulchaey}, J.~S. and {Weiner}, B.~J.},
    title = "{Characterizing the Low-Redshift Intergalactic Medium toward PKS 1302-102}",
  journal = {\apj},
archivePrefix = "arXiv",
   eprint = {0706.1285},
 keywords = {Galaxies: General, Galaxies: Intergalactic Medium, Galaxies: Quasars: Absorption Lines, quasars: individual (PKS 1302-102), Techniques: Spectroscopic},
     year = 2008,
    month = mar,
   volume = 676,
    pages = {262-285},
      doi = {10.1086/528704},
   adsurl = {http://adsabs.harvard.edu/abs/2008ApJ...676..262C},
  adsnote = {Provided by the SAO/NASA Astrophysics Data System}
}

@ARTICLE{Cooksey2013,
   author = {{Cooksey}, K.~L. and {Kao}, M.~M. and {Simcoe}, R.~A. and {O'Meara}, J.~M. and 
	{Prochaska}, J.~X.},
    title = "{Precious Metals in SDSS Quasar Spectra. I. Tracking the Evolution of Strong, 1.5 $\lt$ z $\lt$ 4.5 C IV Absorbers with Thousands of Systems}",
  journal = {\apj},
archivePrefix = "arXiv",
   eprint = {1204.2827},
 keywords = {galaxies: halos, intergalactic medium, quasars: absorption lines, techniques: spectroscopic },
     year = 2013,
    month = jan,
   volume = 763,
      eid = {37},
    pages = {37},
      doi = {10.1088/0004-637X/763/1/37},
   adsurl = {http://adsabs.harvard.edu/abs/2013ApJ...763...37C},
  adsnote = {Provided by the SAO/NASA Astrophysics Data System}
}

@ARTICLE{Cuesta2008,
   author = {{Cuesta}, A.~J. and {Prada}, F. and {Klypin}, A. and {Moles}, M.
	},
    title = "{The virialized mass of dark matter haloes}",
  journal = {\mnras},
archivePrefix = "arXiv",
   eprint = {0710.5520},
 keywords = {methods: N-body simulations , galaxies: haloes , cosmology: theory , dark matter , large-scale structure of Universe},
     year = 2008,
    month = sep,
   volume = 389,
    pages = {385-397},
      doi = {10.1111/j.1365-2966.2008.13590.x},
   adsurl = {http://adsabs.harvard.edu/abs/2008MNRAS.389..385C},
  adsnote = {Provided by the SAO/NASA Astrophysics Data System}
}

@ARTICLE{Dalcanton2007,
   author = {{Dalcanton}, J.~J.},
    title = "{The Metallicity of Galaxy Disks: Infall versus Outflow}",
  journal = {\apj},
   eprint = {astro-ph/0608590},
 keywords = {Galaxies: Abundances, Galaxies: Evolution, Galaxies: Formation, Galaxies: ISM, ISM: Evolution},
     year = 2007,
    month = apr,
   volume = 658,
    pages = {941-959},
      doi = {10.1086/508913},
   adsurl = {http://adsabs.harvard.edu/abs/2007ApJ...658..941D},
  adsnote = {Provided by the SAO/NASA Astrophysics Data System}
}

@ARTICLE{Danforth2008,
   author = {{Danforth}, C.~W. and {Shull}, J.~M.},
    title = "{The Low-z Intergalactic Medium. III. H I and Metal Absorbers at z {\lt} 0.4}",
  journal = {\apj},
archivePrefix = "arXiv",
   eprint = {0709.4030},
 keywords = {Cosmology: Cosmological Parameters, Cosmology: Observations, Galaxies: Intergalactic Medium, Galaxies: Quasars: Absorption Lines, Ultraviolet: General},
     year = 2008,
    month = may,
   volume = 679,
    pages = {194-219},
      doi = {10.1086/587127},
   adsurl = {http://adsabs.harvard.edu/abs/2008ApJ...679..194D},
  adsnote = {Provided by the SAO/NASA Astrophysics Data System}
}

@ARTICLE{Dave1999,
   author = {{Dav{\'e}}, R. and {Hernquist}, L. and {Katz}, N. and {Weinberg}, D.~H.
	},
    title = "{The Low-Redshift LYalpha Forest in Cold Dark Matter Cosmologies}",
  journal = {\apj},
   eprint = {arXiv:astro-ph/9807177},
 keywords = {GALAXIES: FORMATION, COSMOLOGY: LARGE-SCALE STRUCTURE OF UNIVERSE, GALAXIES: QUASARS: ABSORPTION LINES},
     year = 1999,
    month = feb,
   volume = 511,
    pages = {521-545},
      doi = {10.1086/306722},
   adsurl = {http://adsabs.harvard.edu/abs/1999ApJ...511..521D},
  adsnote = {Provided by the SAO/NASA Astrophysics Data System}
}

@article{Davidson2000bootstrap,
  title={Bootstrap tests: How many bootstraps?},
  author={Davidson, Russell and MacKinnon, James G},
  journal={Econometric Reviews},
  volume={19},
  number={1},
  pages={55--68},
  year={2000},
  publisher={Taylor \& Francis}
}

@ARTICLE{Dekel2006,
   author = {{Dekel}, A. and {Birnboim}, Y.},
    title = "{Galaxy bimodality due to cold flows and shock heating}",
  journal = {\mnras},
   eprint = {astro-ph/0412300},
 keywords = {shock waves, cooling flows, galaxies: evolution, galaxies: formation, galaxies: haloes, dark matter},
     year = 2006,
    month = may,
   volume = 368,
    pages = {2-20},
      doi = {10.1111/j.1365-2966.2006.10145.x},
   adsurl = {http://adsabs.harvard.edu/abs/2006MNRAS.368....2D},
  adsnote = {Provided by the SAO/NASA Astrophysics Data System}
}

@INPROCEEDINGS{Dekker2000,
   author = {{Dekker}, H. and {D'Odorico}, S. and {Kaufer}, A. and {Delabre}, B. and 
	{Kotzlowski}, H.},
    title = "{Design, construction, and performance of UVES, the echelle spectrograph for the UT2 Kueyen Telescope at the ESO Paranal Observatory}",
booktitle = {Optical and IR Telescope Instrumentation and Detectors},
     year = 2000,
   series = {\procspie},
   volume = 4008,
   editor = {{Iye}, M. and {Moorwood}, A.~F.},
    month = aug,
    pages = {534-545},
   adsurl = {http://adsabs.harvard.edu/abs/2000SPIE.4008..534D},
  adsnote = {Provided by the SAO/NASA Astrophysics Data System}
}

@ARTICLE{Dressler2011,
   author = {{Dressler}, A. and {Bigelow}, B. and {Hare}, T. and {Sutin}, B. and 
	{Thompson}, I. and {Burley}, G. and {Epps}, H. and {Oemler}, A. and 
	{Bagish}, A. and {Birk}, C. and {Clardy}, K. and {Gunnels}, S. and 
	{Kelson}, D. and {Shectman}, S. and {Osip}, D.},
    title = "{IMACS: The Inamori-Magellan Areal Camera and Spectrograph on Magellan-Baade}",
  journal = {\pasp},
 keywords = {Astronomical Instrumentation},
     year = 2011,
    month = mar,
   volume = 123,
    pages = {288-332},
      doi = {10.1086/658908},
   adsurl = {http://adsabs.harvard.edu/abs/2011PASP..123..288D},
  adsnote = {Provided by the SAO/NASA Astrophysics Data System}
}

@ARTICLE{Ellingson1994,
   author = {{Ellingson}, E. and {Yee}, H.~K.~C.},
    title = "{A redshift survey in quasar fields. 1: Photometric and spectroscopic catalog}",
  journal = {\apjs},
 keywords = {ACTIVE GALACTIC NUCLEI, ASTRONOMICAL CATALOGS, ASTRONOMICAL PHOTOMETRY, ASTRONOMICAL SPECTROSCOPY, DISTANCE, GALACTIC CLUSTERS, QUASARS, RED SHIFT, APERTURES, CASSEGRAIN OPTICS, CHARGE COUPLED DEVICES, DATA REDUCTION, TELESCOPES},
     year = 1994,
    month = may,
   volume = 92,
    pages = {33-52},
      doi = {10.1086/191958},
   adsurl = {http://adsabs.harvard.edu/abs/1994ApJS...92...33E},
  adsnote = {Provided by the SAO/NASA Astrophysics Data System}
}

@PHDTHESIS{EvansThesis,
   author = {{Evans}, J.~L.},
   title = "{MGII QUASAR ABSORPTION LINE SYSTEMS AS A PROBE OF GALAXY HALO KINEMATIC EVOLUTION}",
   school = "{New Mexico State University}",
   year = 2011,
}

@ARTICLE{Evans2013KIN,
   author = {{Evans}, J.~L. and {Churchill}, C.~W. and {Murphy}, M.~T. and {Nielsen}, N.~M.},
   title = "{KINEMATICS PAPER}",
   archivePrefix = "arXiv",
   primaryClass = "astro-ph.CO",
   year = 2013,
}

@ARTICLE{Evans2013,
   author = {{Evans}, J.~L. and {Churchill}, C.~W. and {Murphy}, M.~T. and 
	{Nielsen}, N.~M. and {Klimek}, E.~S.},
    title = "{The Redshift Distribution of Intervening Weak Mg II Quasar Absorbers and a Curious Dependence on Quasar Luminosity}",
  journal = {\apj},
archivePrefix = "arXiv",
   eprint = {1303.2111},
 keywords = {quasars: absorption lines},
     year = 2013,
    month = may,
   volume = 768,
      eid = {3},
    pages = {3},
      doi = {10.1088/0004-637X/768/1/3},
   adsurl = {http://adsabs.harvard.edu/abs/2013ApJ...768....3E},
  adsnote = {Provided by the SAO/NASA Astrophysics Data System}
}

@ARTICLE{Ferland2013,
   author = {{Ferland}, G.~J. and {Porter}, R.~L. and {van Hoof}, P.~A.~M. and 
	{Williams}, R.~J.~R. and {Abel}, N.~P. and {Lykins}, M.~L. and 
	{Shaw}, G. and {Henney}, W.~J. and {Stancil}, P.~C.},
    title = "{The 2013 Release of Cloudy}",
  journal = "Revista Mexicana de Astronomia y Astrofisica",
archivePrefix = "arXiv",
   eprint = {1302.4485},
 primaryClass = "astro-ph.GA",
 keywords = {atomic processes, galaxies: active, methods: numerical, molecular processes, radiation mechanisms: general},
     year = 2013,
    month = apr,
   volume = 49,
    pages = {137-163},
   adsurl = {http://adsabs.harvard.edu/abs/2013RMxAA..49..137F},
  adsnote = {Provided by the SAO/NASA Astrophysics Data System}
}

@ARTICLE{Finlator2008,
   author = {{Finlator}, K. and {Dav{\'e}}, R.},
    title = "{The origin of the galaxy mass-metallicity relation and implications for galactic outflows}",
  journal = {\mnras},
archivePrefix = "arXiv",
   eprint = {0704.3100},
 keywords = {galaxies: abundances , galaxies: evolution , cosmology: theory},
     year = 2008,
    month = apr,
   volume = 385,
    pages = {2181-2204},
      doi = {10.1111/j.1365-2966.2008.12991.x},
   adsurl = {http://adsabs.harvard.edu/abs/2008MNRAS.385.2181F},
  adsnote = {Provided by the SAO/NASA Astrophysics Data System}
}


@ARTICLE{Ford2013mass,
   author = {{Ford}, A.~B. and {Oppenheimer}, B.~D. and {Dav{\'e}}, R. and 
	{Katz}, N. and {Kollmeier}, J.~A. and {Weinberg}, D.~H.},
    title = "{Hydrogen and metal line absorption around low-redshift galaxies in cosmological hydrodynamic simulations}",
  journal = {\mnras},
 keywords = {methods: numerical, galaxies: evolution, galaxies: formation, intergalactic medium, quasars: absorption lines, cosmology: theory},
     year = 2013,
    month = jun,
   volume = 432,
    pages = {89-112},
      doi = {10.1093/mnras/stt393},
   adsurl = {http://adsabs.harvard.edu/abs/2013MNRAS.432...89F},
  adsnote = {Provided by the SAO/NASA Astrophysics Data System}
}

@ARTICLE{Ford2014,
   author = {{Ford}, A.~B. and {Dav{\'e}}, R. and {Oppenheimer}, B.~D. and 
	{Katz}, N. and {Kollmeier}, J.~A. and {Thompson}, R. and {Weinberg}, D.~H.
	},
    title = "{Tracing inflows and outflows with absorption lines in circumgalactic gas}",
  journal = {\mnras},
archivePrefix = "arXiv",
   eprint = {1309.5951},
 keywords = {galaxies: evolution, galaxies: haloes, intergalactic medium, galaxies: kinematics and dynamics, quasars: absorption lines, cosmology: theory},
     year = 2014,
    month = oct,
   volume = 444,
    pages = {1260-1281},
      doi = {10.1093/mnras/stu1418},
   adsurl = {http://adsabs.harvard.edu/abs/2014MNRAS.444.1260F},
  adsnote = {Provided by the SAO/NASA Astrophysics Data System}
}

@ARTICLE{Fox2013,
   author = {{Fox}, A.~J. and {Lehner}, N. and {Tumlinson}, J. and {Howk}, J.~C. and 
	{Tripp}, T.~M. and {Prochaska}, J.~X. and {O'Meara}, J.~M. and 
	{Werk}, J.~K. and {Bordoloi}, R. and {Katz}, N. and {Oppenheimer}, B.~D. and 
	{Dav\'e}, R.},
    title = "{The High-Ion Content and Kinematics of Low-Redshift Lyman Limit Systems}",
  journal = {ArXiv e-prints},
archivePrefix = "arXiv",
   eprint = {1310.6267},
 primaryClass = "astro-ph.CO",
 keywords = {Astrophysics - Cosmology and Extragalactic Astrophysics},
     year = 2013,
    month = oct,
   adsurl = {http://adsabs.harvard.edu/abs/2013arXiv1310.6267F},
  adsnote = {Provided by the SAO/NASA Astrophysics Data System}
}


@ARTICLE{Fumagalli2011,
   author = {{Fumagalli}, M. and {Prochaska}, J.~X. and {Kasen}, D. and {Dekel}, A. and 
	{Ceverino}, D. and {Primack}, J.~R.},
    title = "{Absorption-line systems in simulated galaxies fed by cold streams}",
  journal = {\mnras},
archivePrefix = "arXiv",
   eprint = {1103.2130},
 primaryClass = "astro-ph.CO",
 keywords = {radiative transfer, galaxies: evolution, galaxies: formation, galaxies: high-redshift, intergalactic medium, quasars: absorption lines},
     year = 2011,
    month = dec,
   volume = 418,
    pages = {1796-1821},
      doi = {10.1111/j.1365-2966.2011.19599.x},
   adsurl = {http://adsabs.harvard.edu/abs/2011MNRAS.418.1796F},
  adsnote = {Provided by the SAO/NASA Astrophysics Data System}
}


@ARTICLE{Ganguly2013,
   author = {{Ganguly}, R. and {Lynch}, R.~S. and {Charlton}, J.~C. and {Eracleous}, M. and 
	{Tripp}, T.~M. and {Palma}, C. and {Sembach}, K.~R. and {Misawa}, T. and 
	{Masiero}, J.~R. and {Milutinovic}, N. and {Lackey}, B.~D. and 
	{Jones}, T.~M.},
    title = "{A census of quasar-intrinsic absorption in the Hubble Space Telescope archive: systems from high-resolution echelle spectra}",
  journal = {\mnras},
archivePrefix = "arXiv",
   eprint = {1307.6799},
 primaryClass = "astro-ph.CO",
 keywords = {galaxies: active, quasars: absorption lines, quasars: general},
     year = 2013,
    month = oct,
   volume = 435,
    pages = {1233-1264},
      doi = {10.1093/mnras/stt1366},
   adsurl = {http://adsabs.harvard.edu/abs/2013MNRAS.435.1233G},
  adsnote = {Provided by the SAO/NASA Astrophysics Data System}
}

@ARTICLE{Gauthier2009,
   author = {{Gauthier}, J.-R. and {Chen}, H.-W. and {Tinker}, J.~L.},
    title = "{The Clustering of Mg II Absorption Systems at z \~{} 0.5 and Detection of Cold Gas in Massive Halos}",
  journal = {\apj},
archivePrefix = "arXiv",
   eprint = {0902.3237},
 primaryClass = "astro-ph.CO",
 keywords = {cosmology: theory, dark matter, galaxies: evolution, quasars: absorption lines},
     year = 2009,
    month = sep,
   volume = 702,
    pages = {50-62},
      doi = {10.1088/0004-637X/702/1/50},
   adsurl = {http://adsabs.harvard.edu/abs/2009ApJ...702...50G},
  adsnote = {Provided by the SAO/NASA Astrophysics Data System}
}

@ARTICLE{Gehrels1986,
   author = {{Gehrels}, N.},
    title = "{Confidence limits for small numbers of events in astrophysical data}",
  journal = {\apj},
 keywords = {Astrophysics, Binomial Theorem, Confidence Limits, Data Processing, Poisson Density Functions, Approximation, Tables (Data)},
     year = 1986,
    month = apr,
   volume = 303,
    pages = {336-346},
      doi = {10.1086/164079},
   adsurl = {http://adsabs.harvard.edu/abs/1986ApJ...303..336G},
  adsnote = {Provided by the SAO/NASA Astrophysics Data System}
}

@ARTICLE{Haardt2012,
   author = {{Haardt}, F. and {Madau}, P.},
    title = "{Radiative Transfer in a Clumpy Universe. IV. New Synthesis Models of the Cosmic UV/X-Ray Background}",
  journal = {\apj},
archivePrefix = "arXiv",
   eprint = {1105.2039},
 keywords = {cosmology: theory, diffuse radiation, intergalactic medium, galaxies: evolution, quasars: general},
     year = 2012,
    month = feb,
   volume = 746,
      eid = {125},
    pages = {125},
      doi = {10.1088/0004-637X/746/2/125},
   adsurl = {http://adsabs.harvard.edu/abs/2012ApJ...746..125H},
  adsnote = {Provided by the SAO/NASA Astrophysics Data System}
}

@ARTICLE{Hellsten1997,
   author = {{Hellsten}, U. and {Dav\'e}, R. and {Hernquist}, L. and {Weinberg}, D.~H. and 
	{Katz}, N.},
    title = "{Metal Lines Associated with Ly alpha Absorbers: A Comparison of Theory and Observations}",
  journal = {\apj},
   eprint = {astro-ph/9701043},
 keywords = {COSMOLOGY: THEORY, GALAXIES: ABUNDANCES, GALAXIES: EVOLUTION, GALAXIES: QUASARS: ABSORPTION LINES},
     year = 1997,
    month = oct,
   volume = 487,
    pages = {482},
      doi = {10.1086/304641},
   adsurl = {http://adsabs.harvard.edu/abs/1997ApJ...487..482H},
  adsnote = {Provided by the SAO/NASA Astrophysics Data System}
}


@ARTICLE{Johnson2013,
   author = {{Johnson}, S.~D. and {Chen}, H.-W. and {Mulchaey}, J.~S.},
    title = "{Probing the IGM-galaxy connection at z {\gt} 0.5 - II. New insights into the galaxy environments of O VI absorbers in PKS 0405-123}",
  journal = {\mnras},
archivePrefix = "arXiv",
   eprint = {1308.2681},
 primaryClass = "astro-ph.CO",
 keywords = {surveys, galaxies: haloes, quasars: absorption lines, galaxies: star formation},
     year = 2013,
    month = sep,
   volume = 434,
    pages = {1765-1778},
      doi = {10.1093/mnras/stt1137},
   adsurl = {http://adsabs.harvard.edu/abs/2013MNRAS.434.1765J},
  adsnote = {Provided by the SAO/NASA Astrophysics Data System}
}

@ARTICLE{Kacprzak2008,
   author = {{Kacprzak}, G.~G. and {Churchill}, C.~W. and {Steidel}, C.~C. and 
	{Murphy}, M.~T.},
    title = "{Halo Gas Cross Sections and Covering Fractions of Mg II Absorption Selected Galaxies}",
  journal = {\aj},
archivePrefix = "arXiv",
   eprint = {0710.5765},
 keywords = {galaxies: halos, galaxies: ISM, quasars: absorption lines},
     year = 2008,
    month = mar,
   volume = 135,
      eid = {922},
    pages = {922-927},
      doi = {10.1088/0004-6256/135/3/922},
   adsurl = {http://adsabs.harvard.edu/abs/2008AJ....135..922K},
  adsnote = {Provided by the SAO/NASA Astrophysics Data System}
}

@ARTICLE{Kacprzak2010,
   author = {{Kacprzak}, G.~G. and {Churchill}, C.~W. and {Ceverino}, D. and 
	{Steidel}, C.~C. and {Klypin}, A. and {Murphy}, M.~T.},
    title = "{Halo Gas and Galaxy Disk Kinematics Derived from Observations and {$\Lambda$}CDM Simulations of Mg II Absorption-selected Galaxies at Intermediate Redshift}",
  journal = {\apj},
archivePrefix = "arXiv",
   eprint = {0912.2746},
 primaryClass = "astro-ph.CO",
 keywords = {galaxies: halos, galaxies: kinematics and dynamics, intergalactic medium, quasars: absorption lines},
     year = 2010,
    month = mar,
   volume = 711,
    pages = {533-558},
      doi = {10.1088/0004-637X/711/2/533},
   adsurl = {http://adsabs.harvard.edu/abs/2010ApJ...711..533K},
  adsnote = {Provided by the SAO/NASA Astrophysics Data System}
}

@ARTICLE{Kacprzak2011,
   author = {{Kacprzak}, G.~G. and {Churchill}, C.~W. and {Evans}, J.~L. and 
	{Murphy}, M.~T. and {Steidel}, C.~C.},
    title = "{Morphological properties of z{\tilde} 0.5 absorption-selected galaxies: the role of galaxy inclination}",
  journal = {\mnras},
archivePrefix = "arXiv",
   eprint = {1106.3068},
 primaryClass = "astro-ph.CO",
 keywords = {galaxies: haloes, galaxies: ISM, quasars: absorption lines},
     year = 2011,
    month = oct,
   volume = 416,
    pages = {3118-3137},
      doi = {10.1111/j.1365-2966.2011.19261.x},
   adsurl = {http://adsabs.harvard.edu/abs/2011MNRAS.416.3118K},
  adsnote = {Provided by the SAO/NASA Astrophysics Data System}
}

@ARTICLE{Kacprzak2011MgII,
   author = {{Kacprzak}, G.~G. and {Churchill}, C.~W.},
    title = "{The H I Mass Density in Galactic Halos, Winds, and Cold Accretion as Traced by Mg II Absorption}",
  journal = {\apjl},
archivePrefix = "arXiv",
   eprint = {1111.3359},
 keywords = {galaxies: halos, galaxies: ISM, intergalactic medium, ISM: general, quasars: absorption lines},
     year = 2011,
    month = dec,
   volume = 743,
      eid = {L34},
    pages = {L34},
      doi = {10.1088/2041-8205/743/2/L34},
   adsurl = {http://adsabs.harvard.edu/abs/2011ApJ...743L..34K},
  adsnote = {Provided by the SAO/NASA Astrophysics Data System}
}

@ARTICLE{Kacprzak2012-PA,
   author = {{Kacprzak}, G.~G. and {Churchill}, C.~W. and {Nielsen}, N.~M.
	},
    title = "{Tracing Outflows and Accretion: A Bimodal Azimuthal Dependence of Mg II Absorption}",
  journal = {\apjl},
archivePrefix = "arXiv",
   eprint = {1205.0245},
 primaryClass = "astro-ph.CO",
 keywords = {galaxies: halos, intergalactic medium, quasars: absorption lines},
     year = 2012,
    month = nov,
   volume = 760,
      eid = {L7},
    pages = {L7},
      doi = {10.1088/2041-8205/760/1/L7},
   adsurl = {http://adsabs.harvard.edu/abs/2012ApJ...760L...7K},
  adsnote = {Provided by the SAO/NASA Astrophysics Data System}
}

@ARTICLE{Kacprzak2012-1317,
   author = {{Kacprzak}, G.~G. and {Churchill}, C.~W. and {Steidel}, C.~C. and 
	{Spitler}, L.~R. and {Holtzman}, J.~A.},
    title = "{Discovery of multiphase cold accretion in a massive galaxy at z = 0.7}",
  journal = {\mnras},
archivePrefix = "arXiv",
   eprint = {1208.4098},
 primaryClass = "astro-ph.CO",
 keywords = {galaxies: ISM, quasars: absorption lines},
     year = 2012,
    month = dec,
   volume = 427,
    pages = {3029-3043},
      doi = {10.1111/j.1365-2966.2012.21945.x},
   adsurl = {http://adsabs.harvard.edu/abs/2012MNRAS.427.3029K},
  adsnote = {Provided by the SAO/NASA Astrophysics Data System}
}


@ARTICLE{Keres2005,
   author = {{Kere{\v s}}, D. and {Katz}, N. and {Weinberg}, D.~H. and {Dav{\'e}}, R.
	},
    title = "{How do galaxies get their gas?}",
  journal = {\mnras},
   eprint = {arXiv:astro-ph/0407095},
 keywords = {methods: numerical, cooling flows, galaxies: evolution, galaxies: formation},
     year = 2005,
    month = oct,
   volume = 363,
    pages = {2-28},
      doi = {10.1111/j.1365-2966.2005.09451.x},
   adsurl = {http://adsabs.harvard.edu/abs/2005MNRAS.363....2K},
  adsnote = {Provided by the SAO/NASA Astrophysics Data System}
}

@ARTICLE{Keres2009,
   author = {{Kere{\v s}}, D. and {Katz}, N. and {Fardal}, M. and {Dav{\'e}}, R. and 
	{Weinberg}, D.~H.},
    title = "{Galaxies in a simulated {$\Lambda$}CDM Universe - I. Cold mode and hot cores}",
  journal = {\mnras},
archivePrefix = "arXiv",
   eprint = {0809.1430},
 keywords = {cooling flows , galaxies: evolution , galaxies: formation , galaxies: haloes , intergalactic medium},
     year = 2009,
    month = may,
   volume = 395,
    pages = {160-179},
      doi = {10.1111/j.1365-2966.2009.14541.x},
   adsurl = {http://adsabs.harvard.edu/abs/2009MNRAS.395..160K},
  adsnote = {Provided by the SAO/NASA Astrophysics Data System}
}

@ARTICLE{King2012,
   author = {{King}, J.~A. and {Webb}, J.~K. and {Murphy}, M.~T. and {Flambaum}, V.~V. and 
	{Carswell}, R.~F. and {Bainbridge}, M.~B. and {Wilczynska}, M.~R. and 
	{Koch}, F.~E.},
    title = "{Spatial variation in the fine-structure constant - new results from VLT/UVES}",
  journal = {\mnras},
archivePrefix = "arXiv",
   eprint = {1202.4758},
 primaryClass = "astro-ph.CO",
 keywords = {methods: data analysis, quasars: absorption lines, cosmology: observations},
     year = 2012,
    month = jun,
   volume = 422,
    pages = {3370-3414},
      doi = {10.1111/j.1365-2966.2012.20852.x},
   adsurl = {http://adsabs.harvard.edu/abs/2012MNRAS.422.3370K},
  adsnote = {Provided by the SAO/NASA Astrophysics Data System}
}

@ARTICLE{Klypin2001,
   author = {{Klypin}, A. and {Kravtsov}, A.~V. and {Bullock}, J.~S. and 
	{Primack}, J.~R.},
    title = "{Resolving the Structure of Cold Dark Matter Halos}",
  journal = {\apj},
   eprint = {astro-ph/0006343},
 keywords = {Cosmology: Theory, Cosmology: Dark Matter, Galaxies: Halos, Galaxies: Structure, Methods: Numerical},
     year = 2001,
    month = jun,
   volume = 554,
    pages = {903-915},
      doi = {10.1086/321400},
   adsurl = {http://adsabs.harvard.edu/abs/2001ApJ...554..903K},
  adsnote = {Provided by the SAO/NASA Astrophysics Data System}
}

@ARTICLE{Klypin2011,
   author = {{Klypin}, A.~A. and {Trujillo-Gomez}, S. and {Primack}, J.},
    title = "{Dark Matter Halos in the Standard Cosmological Model: Results from the Bolshoi Simulation}",
  journal = {\apj},
archivePrefix = "arXiv",
   eprint = {1002.3660},
 primaryClass = "astro-ph.CO",
 keywords = {cosmology: theory, large-scale structure of universe, methods: numerical},
     year = 2011,
    month = oct,
   volume = 740,
      eid = {102},
    pages = {102},
      doi = {10.1088/0004-637X/740/2/102},
   adsurl = {http://adsabs.harvard.edu/abs/2011ApJ...740..102K},
  adsnote = {Provided by the SAO/NASA Astrophysics Data System}
}

@ARTICLE{Kulkarni2002,
   author = {{Kulkarni}, V.~P. and {Fall}, S.~M.},
    title = "{Metallicity Evolution of Damped Ly{$\alpha$} Galaxies}",
  journal = {\apj},
   eprint = {astro-ph/0207661},
 keywords = {Cosmology: Observations, Galaxies: Abundances, Galaxies: Evolution, Galaxies: Intergalactic Medium, Galaxies: Quasars: Absorption Lines},
     year = 2002,
    month = dec,
   volume = 580,
    pages = {732-741},
      doi = {10.1086/343855},
   adsurl = {http://adsabs.harvard.edu/abs/2002ApJ...580..732K},
  adsnote = {Provided by the SAO/NASA Astrophysics Data System}
} 

@ARTICLE{Kulkarni2005,
   author = {{Kulkarni}, V.~P. and {Fall}, S.~M. and {Lauroesch}, J.~T. and 
	{York}, D.~G. and {Welty}, D.~E. and {Khare}, P. and {Truran}, J.~W.
	},
    title = "{Hubble Space Telescope Observations of Element Abundances in Low-Redshift Damped Ly{$\alpha$} Galaxies and Implications for the Global Metallicity-Redshift Relation}",
  journal = {\apj},
   eprint = {astro-ph/0409234},
 keywords = {Cosmology: Observations- Galaxies: Abundances, Galaxies: Evolution, Galaxies: Quasars: Absorption Lines},
     year = 2005,
    month = jan,
   volume = 618,
    pages = {68-90},
      doi = {10.1086/425956},
   adsurl = {http://adsabs.harvard.edu/abs/2005ApJ...618...68K},
  adsnote = {Provided by the SAO/NASA Astrophysics Data System}
}

@ARTICLE{Kulkarni2007,
   author = {{Kulkarni}, V.~P. and {Khare}, P. and {P{\'e}roux}, C. and {York}, D.~G. and 
	{Lauroesch}, J.~T. and {Meiring}, J.~D.},
    title = "{The Role of Sub-Damped Ly{$\alpha$} Absorbers in the Cosmic Evolution of Metals}",
  journal = {\apj},
   eprint = {astro-ph/0608126},
 keywords = {ISM: Abundances, Galaxies: Quasars: Absorption Lines},
     year = 2007,
    month = may,
   volume = 661,
    pages = {88-94},
      doi = {10.1086/515430},
   adsurl = {http://adsabs.harvard.edu/abs/2007ApJ...661...88K},
  adsnote = {Provided by the SAO/NASA Astrophysics Data System}
}

@ARTICLE{Lanzetta1987,
   author = {{Lanzetta}, K.~M. and {Turnshek}, D.~A. and {Wolfe}, A.~M.},
    title = "{An absorption-line survey of 32 QSOs at red wavelengths - Properties of the MG II absorbers}",
  journal = {\apj},
 keywords = {Absorption Spectra, Abundance, Astronomical Spectroscopy, Metallicity, Quasars, Data Reduction, Magnesium, Random Processes, Red Shift},
     year = 1987,
    month = nov,
   volume = 322,
    pages = {739-769},
      doi = {10.1086/165769},
   adsurl = {http://adsabs.harvard.edu/abs/1987ApJ...322..739L},
  adsnote = {Provided by the SAO/NASA Astrophysics Data System}
}

@ARTICLE{Lanzetta1995,
   author = {{Lanzetta}, K.~M. and {Bowen}, D.~V. and {Tytler}, D. and {Webb}, J.~K.
	},
    title = "{The gaseous extent of galaxies and the origin of Lyman-alpha absorption systems: A survey of galaxies in the fields of Hubble Space Telescope spectroscopic target QSOs}",
  journal = {\apj},
 keywords = {ABSORPTION SPECTRA, FAINT OBJECTS, GALACTIC HALOS, GALAXIES, LYMAN ALPHA RADIATION, QUASARS, SKY SURVEYS (ASTRONOMY), ULTRAVIOLET ASTRONOMY, ASTRONOMICAL SPECTROSCOPY, DATA REDUCTION, IMAGE ANALYSIS, SPECTRUM ANALYSIS, STATISTICAL ANALYSIS, ULTRAVIOLET SPECTRA},
     year = 1995,
    month = apr,
   volume = 442,
    pages = {538-568},
      doi = {10.1086/175459},
   adsurl = {http://adsabs.harvard.edu/abs/1995ApJ...442..538L},
  adsnote = {Provided by the SAO/NASA Astrophysics Data System}
}

@ARTICLE{LeBrun1996,
   author = {{Le Brun}, V. and {Bergeron}, J. and {Boisse}, P.},
    title = "{Observational constraints on the nature of low redshift Ly{$\alpha$} absorbers.}",
  journal = {\aap},
   eprint = {arXiv:astro-ph/9509146},
 keywords = {QUASARS: ABSORPTION LINES, GALAXIES: EVOLUTION, INTERGALACTIC MEDIUM},
     year = 1996,
    month = feb,
   volume = 306,
    pages = {691},
   adsurl = {http://adsabs.harvard.edu/abs/1996A%26A...306..691L},
  adsnote = {Provided by the SAO/NASA Astrophysics Data System}
}

@ARTICLE{Lehner2006,
   author = {{Lehner}, N. and {Savage}, B.~D. and {Wakker}, B.~P. and {Sembach}, K.~R. and 
	{Tripp}, T.~M.},
    title = "{Low-Redshift Intergalactic Absorption Lines in the Spectrum of HE 0226-4110}",
  journal = {\apjs},
   eprint = {astro-ph/0602085},
 keywords = {Cosmology: Observations, Galaxies: Intergalactic Medium, Galaxies: Quasars: Absorption Lines, Galaxies: Quasars: Individual: Alphanumeric: HE 0226-4110},
     year = 2006,
    month = may,
   volume = 164,
    pages = {1-37},
      doi = {10.1086/500932},
   adsurl = {http://adsabs.harvard.edu/abs/2006ApJS..164....1L},
  adsnote = {Provided by the SAO/NASA Astrophysics Data System}
}

@ARTICLE{Lehner2013,
   author = {{Lehner}, N. and {Howk}, J.~C. and {Tripp}, T.~M. and {Tumlinson}, J. and 
	{Prochaska}, J.~X. and {O'Meara}, J.~M. and {Thom}, C. and {Werk}, J.~K. and 
	{Fox}, A.~J. and {Ribaudo}, J.},
    title = "{The Bimodal Metallicity Distribution of the Cool Circumgalactic Medium at z {\lt}\~{} 1}",
  journal = {\apj},
archivePrefix = "arXiv",
   eprint = {1302.5424},
 primaryClass = "astro-ph.CO",
 keywords = {cosmology: observations, galaxies: abundances, galaxies: halos, galaxies: kinematics and dynamics},
     year = 2013,
    month = jun,
   volume = 770,
      eid = {138},
    pages = {138},
      doi = {10.1088/0004-637X/770/2/138},
   adsurl = {http://adsabs.harvard.edu/abs/2013ApJ...770..138L},
  adsnote = {Provided by the SAO/NASA Astrophysics Data System}
}

@ARTICLE{Lehner2016,
   author = {{Lehner}, N. and {O'Meara}, J.~M. and {Howk}, J.~C. and {Prochaska}, J.~X. and 
	{Fumagalli}, M.},
    title = "{The Cosmic Evolution of the Metallicity Distribution of Ionized Gas Traced by Lyman Limit Systems}",
  journal = {ArXiv e-prints},
archivePrefix = "arXiv",
   eprint = {1608.02588},
 keywords = {Astrophysics - Astrophysics of Galaxies},
     year = 2016,
    month = aug,
   adsurl = {http://adsabs.harvard.edu/abs/2016arXiv160802588L},
  adsnote = {Provided by the SAO/NASA Astrophysics Data System}
}

@ARTICLE{Lovegrove2011,
   author = {{Lovegrove}, E. and {Simcoe}, R.~A.},
    title = "{Observations of Mg II Absorption near z \~{} 1 Galaxies Selected from the DEEP2 Redshift Survey}",
  journal = {\apj},
archivePrefix = "arXiv",
   eprint = {1107.4357},
 primaryClass = "astro-ph.GA",
 keywords = {galaxies: evolution, galaxies: halos, galaxies: high-redshift, quasars: absorption lines},
     year = 2011,
    month = oct,
   volume = 740,
      eid = {30},
    pages = {30},
      doi = {10.1088/0004-637X/740/1/30},
   adsurl = {http://adsabs.harvard.edu/abs/2011ApJ...740...30L},
  adsnote = {Provided by the SAO/NASA Astrophysics Data System}
}

@ARTICLE{Lundgren2009,
   author = {{Lundgren}, B.~F. and {Brunner}, R.~J. and {York}, D.~G. and 
	{Ross}, A.~J. and {Quashnock}, J.~M. and {Myers}, A.~D. and 
	{Schneider}, D.~P. and {Al Sayyad}, Y. and {Bahcall}, N.},
    title = "{A Cross-Correlation Analysis of Mg II Absorption Line Systems and Luminous Red Galaxies from the SDSS DR5}",
  journal = {\apj},
archivePrefix = "arXiv",
   eprint = {0902.4003},
 primaryClass = "astro-ph.CO",
 keywords = {quasars: general},
     year = 2009,
    month = jun,
   volume = 698,
    pages = {819-839},
      doi = {10.1088/0004-637X/698/1/819},
   adsurl = {http://adsabs.harvard.edu/abs/2009ApJ...698..819L},
  adsnote = {Provided by the SAO/NASA Astrophysics Data System}
}

@ARTICLE{Maller2004,
   author = {{Maller}, A.~H. and {Bullock}, J.~S.},
    title = "{Multiphase galaxy formation: high-velocity clouds and the missing baryon problem}",
  journal = {\mnras},
   eprint = {astro-ph/0406632},
 keywords = {Galaxy: formation, cooling flows, galaxies: formation, intergalactic medium, quasars: absorption lines},
     year = 2004,
    month = dec,
   volume = 355,
    pages = {694-712},
      doi = {10.1111/j.1365-2966.2004.08349.x},
   adsurl = {http://adsabs.harvard.edu/abs/2004MNRAS.355..694M},
  adsnote = {Provided by the SAO/NASA Astrophysics Data System}
}


@ARTICLE{Menard2009,
   author = {{M{\'e}nard}, B. and {Chelouche}, D.},
    title = "{On the HI content, dust-to-gas ratio and nature of MgII absorbers}",
  journal = {\mnras},
archivePrefix = "arXiv",
   eprint = {0803.0745},
 keywords = {ISM: dust, extinction , galaxies: haloes , quasars: absorption lines},
     year = 2009,
    month = mar,
   volume = 393,
    pages = {808-815},
      doi = {10.1111/j.1365-2966.2008.14225.x},
   adsurl = {http://adsabs.harvard.edu/abs/2009MNRAS.393..808M},
  adsnote = {Provided by the SAO/NASA Astrophysics Data System}
}

@ARTICLE{Menard2011,
   author = {{M{\'e}nard}, B. and {Wild}, V. and {Nestor}, D. and {Quider}, A. and 
	{Zibetti}, S. and {Rao}, S. and {Turnshek}, D.},
    title = "{Probing star formation across cosmic time with absorption-line systems}",
  journal = {\mnras},
archivePrefix = "arXiv",
   eprint = {0912.3263},
 primaryClass = "astro-ph.CO",
 keywords = {galaxies: haloes, quasars: absorption lines, quasars: emission lines, galaxies: star formation},
     year = 2011,
    month = oct,
   volume = 417,
    pages = {801-811},
      doi = {10.1111/j.1365-2966.2011.18227.x},
   adsurl = {http://adsabs.harvard.edu/abs/2011MNRAS.417..801M},
  adsnote = {Provided by the SAO/NASA Astrophysics Data System}
}

@software{MurphyPOPLER,
   author = {{Murphy}, M.~T.},
    title = "{{UVES\_popler}: {POst} {PipeLine} {Echelle} {Reduction} software}",
     note = {\mbox{doi}:\url{10.5281/zenodo.44765}},
     year = {2016}
}

@ARTICLE{Murphy2016,
   author = {{Murphy}, M.~T. and {Malec}, A.~L. and {Prochaska}, J.~X.},
    title = "{Precise limits on cosmological variability of the fine-structure constant with zinc and chromium quasar absorption lines}",
  journal = {\mnras},
archivePrefix = "arXiv",
   eprint = {1606.06293},
 keywords = {line: profiles, instrumentation: spectrographs, dust, extinction, quasars: absorption lines, cosmology: miscellaneous, cosmology: observations},
     year = 2016,
    month = sep,
   volume = 461,
    pages = {2461-2479},
      doi = {10.1093/mnras/stw1482},
   adsurl = {http://adsabs.harvard.edu/abs/2016MNRAS.461.2461M},
  adsnote = {Provided by the SAO/NASA Astrophysics Data System}
}

@ARTICLE{Murphyprep,
   author = {{Murphy}, M.~T.},
  journal = {\mnras},
 keywords = {line: profiles, instrumentation: spectrographs, quasars: absorption lines, cosmology: miscellaneous, cosmology: observations},
     year = "in prep",
}

@ARTICLE{Moster2010,
   author = {{Moster}, B.~P. and {Somerville}, R.~S. and {Maulbetsch}, C. and 
	{van den Bosch}, F.~C. and {Macci{\`o}}, A.~V. and {Naab}, T. and 
	{Oser}, L.},
    title = "{Constraints on the Relationship between Stellar Mass and Halo Mass at Low and High Redshift}",
  journal = {\apj},
archivePrefix = "arXiv",
   eprint = {0903.4682},
 primaryClass = "astro-ph.CO",
 keywords = {cosmology: theory, dark matter, galaxies: clusters: general, galaxies: evolution, galaxies: halos, galaxies: high-redshift, galaxies: statistics, galaxies: stellar content, large-scale structure of universe},
     year = 2010,
    month = feb,
   volume = 710,
    pages = {903-923},
      doi = {10.1088/0004-637X/710/2/903},
   adsurl = {http://adsabs.harvard.edu/abs/2010ApJ...710..903M},
  adsnote = {Provided by the SAO/NASA Astrophysics Data System}
}

@ARTICLE{Muzahid2014,
   author = {{Muzahid}, S.},
    title = "{Probing the Large and Massive Circumgalactic Medium of a Galaxy at z \~{} 0.2 using a Pair of Quasars}",
  journal = {\apj},
archivePrefix = "arXiv",
   eprint = {1401.3340},
 primaryClass = "astro-ph.GA",
 keywords = {galaxies: formation, quasars: absorption lines, quasars: individual: Q 0107{\ndash}025A Q 0107{\ndash}025B},
     year = 2014,
    month = mar,
   volume = 784,
      eid = {5},
    pages = {5},
      doi = {10.1088/0004-637X/784/1/5},
   adsurl = {http://adsabs.harvard.edu/abs/2014ApJ...784....5M},
  adsnote = {Provided by the SAO/NASA Astrophysics Data System}
}

@ARTICLE{MAGIICAT1,
   author = {{Nielsen}, N.~M. and {Churchill}, C.~W. and {Kacprzak}, G.~G. and 
	{Murphy}, M.~T.},
    title = "{MAGIICAT I. The Mg II Absorber-Galaxy Catalog}",
  journal = {\apj},
archivePrefix = "arXiv",
   eprint = {1304.6716},
 primaryClass = "astro-ph.CO",
 keywords = {galaxies: halos, quasars: absorption lines },
     year = 2013,
    month = oct,
   volume = 776,
      eid = {114},
    pages = {114},
      doi = {10.1088/0004-637X/776/2/114},
   adsurl = {http://adsabs.harvard.edu/abs/2013ApJ...776..114N},
  adsnote = {Provided by the SAO/NASA Astrophysics Data System}
}

@ARTICLE{MAGIICAT2,
   author = {{Nielsen}, N.~M. and {Churchill}, C.~W. and {Kacprzak}, G.~G.
	},
    title = "{MAGIICAT II. General Characteristics of the Mg II Absorbing Circumgalactic Medium}",
  journal = {\apj},
archivePrefix = "arXiv",
   eprint = {1211.1380},
 primaryClass = "astro-ph.CO",
 keywords = {galaxies: halos, quasars: absorption lines },
     year = 2013,
    month = oct,
   volume = 776,
      eid = {115},
    pages = {115},
      doi = {10.1088/0004-637X/776/2/115},
   adsurl = {http://adsabs.harvard.edu/abs/2013ApJ...776..115N},
  adsnote = {Provided by the SAO/NASA Astrophysics Data System}
}

@ARTICLE{MAGIICAT3,
   author = {{Churchill}, C.~W. and {Trujillo-Gomez}, S. and {Nielsen}, N.~M. and 
	{Kacprzak}, G.~G.},
    title = "{MAGIICAT III. Interpreting Self-similarity of the Circumgalactic Medium with Virial Mass Using Mg II Absorption}",
  journal = {\apj},
archivePrefix = "arXiv",
   eprint = {1308.2618},
 primaryClass = "astro-ph.GA",
 keywords = {galaxies: halos, quasars: absorption lines},
     year = 2013,
    month = dec,
   volume = 779,
      eid = {87},
    pages = {87},
      doi = {10.1088/0004-637X/779/1/87},
   adsurl = {http://adsabs.harvard.edu/abs/2013ApJ...779...87C},
  adsnote = {Provided by the SAO/NASA Astrophysics Data System}
}

@ARTICLE{MAGIICAT4,
   author = {{Nielsen}, N.~M. and {Churchill}, C.~W. and {Kacprzak}, G.~G. and 
	{Murphy}, M.~T. and {Evans}, J.~L.},
    title = "{MAGIICAT IV. Kinematics of the Circumgalactic Medium and Evidence for Quiescent Evolution Around Red Galaxies}",
  journal = {\apj},
archivePrefix = "arXiv",
   eprint = {1512.06969},
 keywords = {galaxies: evolution, galaxies: halos, quasars: absorption lines},
     year = 2016,
    month = feb,
   volume = 818,
      eid = {171},
    pages = {171},
      doi = {10.3847/0004-637X/818/2/171},
   adsurl = {http://adsabs.harvard.edu/abs/2016ApJ...818..171N},
  adsnote = {Provided by the SAO/NASA Astrophysics Data System}
}

@ARTICLE{MAGIICAT5,
   author = {{Nielsen}, N.~M. and {Churchill}, C.~W. and {Kacprzak}, G.~G. and 
	{Murphy}, M.~T. and {Evans}, J.~L.},
    title = "{MAGIICAT V. Orientation of Outflows and Accretion Determine the Kinematics and Column Densities of the Circumgalactic Medium}",
  journal = {\apj},
archivePrefix = "arXiv",
   eprint = {1505.07167},
 keywords = {galaxies: evolution, galaxies: halos, quasars: absorption lines},
     year = 2015,
    month = oct,
   volume = 812,
      eid = {83},
    pages = {83},
      doi = {10.1088/0004-637X/812/1/83},
   adsurl = {http://adsabs.harvard.edu/abs/2015ApJ...812...83N},
  adsnote = {Provided by the SAO/NASA Astrophysics Data System}
}

@ARTICLE{Mannucci2010,
   author = {{Mannucci}, F. and {Cresci}, G. and {Maiolino}, R. and {Marconi}, A. and 
	{Gnerucci}, A.},
    title = "{A fundamental relation between mass, star formation rate and metallicity in local and high-redshift galaxies}",
  journal = {\mnras},
archivePrefix = "arXiv",
   eprint = {1005.0006},
 primaryClass = "astro-ph.CO",
 keywords = {galaxies: abundances, galaxies: formation, galaxies: high-redshift, galaxies: starburst},
     year = 2010,
    month = nov,
   volume = 408,
    pages = {2115-2127},
      doi = {10.1111/j.1365-2966.2010.17291.x},
   adsurl = {http://adsabs.harvard.edu/abs/2010MNRAS.408.2115M},
  adsnote = {Provided by the SAO/NASA Astrophysics Data System}
}

@ARTICLE{Martin2009,
   author = {{Martin}, C.~L. and {Bouch{\'e}}, N.},
    title = "{Physical Conditions in the Low-ionization Component of Starburst Outflows: The Shape of Near-Ultraviolet and Optical Absorption-line Troughs in Keck Spectra of ULIRGs}",
  journal = {\apj},
archivePrefix = "arXiv",
   eprint = {0908.4271},
 keywords = {galaxies: starburst, hydrodynamics, infrared: galaxies, intergalactic medium, ISM: evolution, line: profiles},
     year = 2009,
    month = oct,
   volume = 703,
    pages = {1394-1415},
      doi = {10.1088/0004-637X/703/2/1394},
   adsurl = {http://adsabs.harvard.edu/abs/2009ApJ...703.1394M},
  adsnote = {Provided by the SAO/NASA Astrophysics Data System}
}

@ARTICLE{Matejek2012,
   author = {{Matejek}, M.~S. and {Simcoe}, R.~A.},
    title = "{A Survey of Mg II Absorption at 2 $\lt$ z $\lt$ 6 with Magellan/FIRE. I. Sample and Evolution of the Mg II Frequency}",
  journal = {\apj},
archivePrefix = "arXiv",
   eprint = {1201.3919},
 keywords = {galaxies: evolution, galaxies: halos, galaxies: high-redshift, infrared: general, intergalactic medium, quasars: absorption lines},
     year = 2012,
    month = dec,
   volume = 761,
      eid = {112},
    pages = {112},
      doi = {10.1088/0004-637X/761/2/112},
   adsurl = {http://adsabs.harvard.edu/abs/2012ApJ...761..112M},
  adsnote = {Provided by the SAO/NASA Astrophysics Data System}
}

@ARTICLE{Matejek2013,
   author = {{Matejek}, M.~S. and {Simcoe}, R.~A. and {Cooksey}, K.~L. and 
	{Seyffert}, E.~N.},
    title = "{Mg II Absorption at 2 $\lt$ z $\lt$ 6 with Magellan/FIRE. II. A Longitudinal Study of H I, Metals, and Ionization in Galactic Halos}",
  journal = {\apj},
archivePrefix = "arXiv",
   eprint = {1207.2470},
 keywords = {galaxies: evolution, galaxies: halos, galaxies: high-redshift, infrared: general, intergalactic medium, quasars: absorption lines},
     year = 2013,
    month = feb,
   volume = 764,
      eid = {9},
    pages = {9},
      doi = {10.1088/0004-637X/764/1/9},
   adsurl = {http://adsabs.harvard.edu/abs/2013ApJ...764....9M},
  adsnote = {Provided by the SAO/NASA Astrophysics Data System}
}

@ARTICLE{Mo1996,
   author = {{Mo}, H.~J. and {Miralda-Escude}, J.},
    title = "{Gaseous Galactic Halos and Quasi-stellar Object Absorption-Line Systems}",
  journal = {\apj},
   eprint = {astro-ph/9603027},
 keywords = {GALAXIES: FORMATION, GALAXIES: HALOS, GALAXIES: QUASARS: ABSORPTION LINES},
     year = 1996,
    month = oct,
   volume = 469,
    pages = {589},
      doi = {10.1086/177808},
   adsurl = {http://adsabs.harvard.edu/abs/1996ApJ...469..589M},
  adsnote = {Provided by the SAO/NASA Astrophysics Data System}
}

@ARTICLE{Morris2006,
   author = {{Morris}, S.~L. and {Jannuzi}, B.~T.},
    title = "{The association between gas and galaxies - I. CFHT spectroscopy and pair analysis}",
  journal = {\mnras},
   eprint = {astro-ph/0601200},
 keywords = {galaxies: haloes, intergalactic medium, quasars: absorption lines},
     year = 2006,
    month = apr,
   volume = 367,
    pages = {1261-1281},
      doi = {10.1111/j.1365-2966.2006.10013.x},
   adsurl = {http://adsabs.harvard.edu/abs/2006MNRAS.367.1261M},
  adsnote = {Provided by the SAO/NASA Astrophysics Data System}
}

@ARTICLE{Narayanan2005,
   author = {{Narayanan}, A. and {Charlton}, J.~C. and {Masiero}, J.~R. and 
	{Lynch}, R.},
    title = "{A Survey of Analogs to Weak Mg II Absorbers in the Present}",
  journal = {\apj},
   eprint = {astro-ph/0509505},
 keywords = {Galaxies: Quasars: Absorption Lines},
     year = 2005,
    month = oct,
   volume = 632,
    pages = {92-109},
      doi = {10.1086/432750},
   adsurl = {http://adsabs.harvard.edu/abs/2005ApJ...632...92N},
  adsnote = {Provided by the SAO/NASA Astrophysics Data System}
}

@ARTICLE{Narayanan2007,
   author = {{Narayanan}, A. and {Misawa}, T. and {Charlton}, J.~C. and {Kim}, T.-S.
	},
    title = "{A Survey of Weak Mg II Absorbers at 0.4 $\lt$ z $\lt$ 2.4}",
  journal = {\apj},
   eprint = {astro-ph/0701075},
 keywords = {Galaxies: Evolution, Galaxies: Intergalactic Medium, Galaxies: Quasars: Absorption Lines},
     year = 2007,
    month = may,
   volume = 660,
    pages = {1093-1105},
      doi = {10.1086/512852},
   adsurl = {http://adsabs.harvard.edu/abs/2007ApJ...660.1093N},
  adsnote = {Provided by the SAO/NASA Astrophysics Data System}
}

@ARTICLE{Narayanan2011,
   author = {{Narayanan}, A. and {Savage}, B.~D. and {Wakker}, B.~P. and 
	{Danforth}, C.~W. and {Yao}, Y. and {Keeney}, B.~A. and {Shull}, J.~M. and 
	{Sembach}, K.~R. and {Froning}, C.~S. and {Green}, J.~C.},
    title = "{Cosmic Origins Spectrograph Detection of Ne VIII Tracing Warm-Hot Gas Toward PKS 0405-123}",
  journal = {\apj},
archivePrefix = "arXiv",
   eprint = {1008.3192},
 primaryClass = "astro-ph.CO",
 keywords = {galaxies: halos, intergalactic medium, quasars: absorption lines, quasars: individual: PKS 0405{\ndash}123, ultraviolet: general},
     year = 2011,
    month = mar,
   volume = 730,
      eid = {15},
    pages = {15},
      doi = {10.1088/0004-637X/730/1/15},
   adsurl = {http://adsabs.harvard.edu/abs/2011ApJ...730...15N},
  adsnote = {Provided by the SAO/NASA Astrophysics Data System}
}

@ARTICLE{Navarro1995,
   author = {{Navarro}, J.~F. and {Frenk}, C.~S. and {White}, S.~D.~M.},
    title = "{The assembly of galaxies in a hierarchically clustering universe}",
  journal = {\mnras},
   eprint = {astro-ph/9408067},
 keywords = {GALAXIES: FORMATION, COSMOLOGY: THEORY, DARK MATTER},
     year = 1995,
    month = jul,
   volume = 275,
    pages = {56-66},
   adsurl = {http://adsabs.harvard.edu/abs/1995MNRAS.275...56N},
  adsnote = {Provided by the SAO/NASA Astrophysics Data System}
}

@ARTICLE{Navarro1997,
   author = {{Navarro}, J.~F. and {Frenk}, C.~S. and {White}, S.~D.~M.},
    title = "{A Universal Density Profile from Hierarchical Clustering}",
  journal = {\apj},
   eprint = {arXiv:astro-ph/9611107},
 keywords = {COSMOLOGY: THEORY, COSMOLOGY: DARK MATTER, GALAXIES: HALOS, METHODS: NUMERICAL},
     year = 1997,
    month = dec,
   volume = 490,
    pages = {493},
      doi = {10.1086/304888},
   adsurl = {http://adsabs.harvard.edu/abs/1997ApJ...490..493N},
  adsnote = {Provided by the SAO/NASA Astrophysics Data System}
}

@ARTICLE{Nestor2005,
   author = {{Nestor}, D.~B. and {Turnshek}, D.~A. and {Rao}, S.~M.},
    title = "{Mg II Absorption Systems in Sloan Digital Sky Survey QSO Spectra}",
  journal = {\apj},
   eprint = {astro-ph/0410493},
 keywords = {Galaxies: Evolution, Galaxies: ISM, Galaxies: Quasars: Absorption Lines},
     year = 2005,
    month = aug,
   volume = 628,
    pages = {637-654},
      doi = {10.1086/427547},
   adsurl = {http://adsabs.harvard.edu/abs/2005ApJ...628..637N},
  adsnote = {Provided by the SAO/NASA Astrophysics Data System}
}

@ARTICLE{Nestor2011,
   author = {{Nestor}, D.~B. and {Johnson}, B.~D. and {Wild}, V. and {M{\'e}nard}, B. and 
	{Turnshek}, D.~A. and {Rao}, S. and {Pettini}, M.},
    title = "{Large-scale outflows from z{\sime} 0.7 starburst galaxies identified via ultrastrong Mg II quasar absorption lines}",
  journal = {\mnras},
archivePrefix = "arXiv",
   eprint = {1003.0693},
 keywords = {ISM: jets and outflows, intergalactic medium, quasars: absorption lines, galaxies: starburst},
     year = 2011,
    month = apr,
   volume = 412,
    pages = {1559-1572},
      doi = {10.1111/j.1365-2966.2010.17865.x},
   adsurl = {http://adsabs.harvard.edu/abs/2011MNRAS.412.1559N},
  adsnote = {Provided by the SAO/NASA Astrophysics Data System}
}

@ARTICLE{Noterdaeme2010,
   author = {{Noterdaeme}, P. and {Srianand}, R. and {Mohan}, V.},
    title = "{Quasars probing intermediate-redshift star-forming galaxies}",
  journal = {\mnras},
archivePrefix = "arXiv",
   eprint = {0912.0736},
 keywords = {galaxies: abundances, galaxies: fundamental parameters, galaxies: ISM, quasar: absorption lines, quasar: individual: SDSSJ113108+202151},
     year = 2010,
    month = apr,
   volume = 403,
    pages = {906-919},
      doi = {10.1111/j.1365-2966.2009.16169.x},
   adsurl = {http://adsabs.harvard.edu/abs/2010MNRAS.403..906N},
  adsnote = {Provided by the SAO/NASA Astrophysics Data System}
}

@ARTICLE{OMeara2015,
   author = {{O'Meara}, J.~M. and {Lehner}, N. and {Howk}, J.~C. and 
	{Prochaska}, J.~X. and {Fox}, A.~J. and {Swain}, M.~A. and {Gelino}, C.~R. and 
	{Berriman}, G.~B. and {Tran}, H.},
    title = "{The First Data Release of the KODIAQ Survey}",
  journal = {\aj},
archivePrefix = "arXiv",
   eprint = {1505.03529},
 keywords = {catalogs, intergalactic medium, quasars: absorption lines, quasars: general, surveys},
     year = 2015,
    month = oct,
   volume = 150,
      eid = {111},
    pages = {111},
      doi = {10.1088/0004-6256/150/4/111},
   adsurl = {http://adsabs.harvard.edu/abs/2015AJ....150..111O},
  adsnote = {Provided by the SAO/NASA Astrophysics Data System}
}

@ARTICLE{Oppenheimer2008,
   author = {{Oppenheimer}, B.~D. and {Dav{\'e}}, R.},
    title = "{Mass, metal, and energy feedback in cosmological simulations}",
  journal = {\mnras},
archivePrefix = "arXiv",
   eprint = {0712.1827},
 keywords = {methods: numerical , galaxies: abundances , galaxies: evolution , galaxies: high-redshift , intergalactic medium , cosmology: theory},
     year = 2008,
    month = jun,
   volume = 387,
    pages = {577-600},
      doi = {10.1111/j.1365-2966.2008.13280.x},
   adsurl = {http://adsabs.harvard.edu/abs/2008MNRAS.387..577O},
  adsnote = {Provided by the SAO/NASA Astrophysics Data System}
}

@ARTICLE{Oppenheimer2009,
   author = {{Oppenheimer}, B.~D. and {Dav{\'e}}, R.},
    title = "{The nature and origin of low-redshift OVI absorbers}",
  journal = {\mnras},
archivePrefix = "arXiv",
   eprint = {0806.2866},
 keywords = {methods: numerical , galaxies: evolution , intergalactic medium , cosmology: theory},
     year = 2009,
    month = jun,
   volume = 395,
    pages = {1875-1904},
      doi = {10.1111/j.1365-2966.2009.14676.x},
   adsurl = {http://adsabs.harvard.edu/abs/2009MNRAS.395.1875O},
  adsnote = {Provided by the SAO/NASA Astrophysics Data System}
}

@ARTICLE{Oppenheimer2010,
   author = {{Oppenheimer}, B.~D. and {Dav{\'e}}, R. and {Kere{\v s}}, D. and 
	{Fardal}, M. and {Katz}, N. and {Kollmeier}, J.~A. and {Weinberg}, D.~H.
	},
    title = "{Feedback and recycled wind accretion: assembling the z = 0 galaxy mass function}",
  journal = {\mnras},
archivePrefix = "arXiv",
   eprint = {0912.0519},
 primaryClass = "astro-ph.CO",
 keywords = {hydrodynamics, methods: numerical, galaxies: evolution, galaxies: formation, intergalactic medium, galaxies: luminosity function, mass function},
     year = 2010,
    month = aug,
   volume = 406,
    pages = {2325-2338},
      doi = {10.1111/j.1365-2966.2010.16872.x},
   adsurl = {http://adsabs.harvard.edu/abs/2010MNRAS.406.2325O},
  adsnote = {Provided by the SAO/NASA Astrophysics Data System}
}

@ARTICLE{Peeples2011,
   author = {{Peeples}, M.~S. and {Shankar}, F.},
    title = "{Constraints on star formation driven galaxy winds from the mass-metallicity relation at z= 0}",
  journal = {\mnras},
archivePrefix = "arXiv",
   eprint = {1007.3743},
 primaryClass = "astro-ph.CO",
 keywords = {ISM: abundances, ISM: jets and outflows, galaxies: abundances, galaxies: evolution, galaxies: fundamental parameters, galaxies: ISM},
     year = 2011,
    month = nov,
   volume = 417,
    pages = {2962-2981},
      doi = {10.1111/j.1365-2966.2011.19456.x},
   adsurl = {http://adsabs.harvard.edu/abs/2011MNRAS.417.2962P},
  adsnote = {Provided by the SAO/NASA Astrophysics Data System}
}

@ARTICLE{Peeples2014,
   author = {{Peeples}, M.~S. and {Werk}, J.~K. and {Tumlinson}, J. and {Oppenheimer}, B.~D. and 
	{Prochaska}, J.~X. and {Katz}, N. and {Weinberg}, D.~H.},
    title = "{A Budget and Accounting of Metals at z \~{} 0: Results from the COS-Halos Survey}",
  journal = {\apj},
archivePrefix = "arXiv",
   eprint = {1310.2253},
 keywords = {galaxies: abundances, galaxies: halos, galaxies: ISM, galaxies: stellar content, intergalactic medium, quasars: absorption lines},
     year = 2014,
    month = may,
   volume = 786,
      eid = {54},
    pages = {54},
      doi = {10.1088/0004-637X/786/1/54},
   adsurl = {http://adsabs.harvard.edu/abs/2014ApJ...786...54P},
  adsnote = {Provided by the SAO/NASA Astrophysics Data System}
}

@ARTICLE{Planck2016,
   author = {{Planck Collaboration} and {Ade}, P.~A.~R. and {Aghanim}, N. and 
	{Arnaud}, M. and {Ashdown}, M. and {Aumont}, J. and {Baccigalupi}, C. and 
	{Banday}, A.~J. and {Barreiro}, R.~B. and {Bartlett}, J.~G. and et al.},
    title = "{Planck 2015 results. XIII. Cosmological parameters}",
  journal = {\aap},
archivePrefix = "arXiv",
   eprint = {1502.01589},
 keywords = {cosmology: observations, cosmology: theory, cosmic background radiation, cosmological parameters},
     year = 2016,
    month = sep,
   volume = 594,
      eid = {A13},
    pages = {A13},
      doi = {10.1051/0004-6361/201525830},
   adsurl = {http://adsabs.harvard.edu/abs/2016A%26A...594A..13P},
  adsnote = {Provided by the SAO/NASA Astrophysics Data System}
}

@ARTICLE{Prochaska2004,
   author = {{Prochaska}, J.~X. and {Chen}, H.-W. and {Howk}, J.~C. and {Weiner}, B.~J. and 
	{Mulchaey}, J.},
    title = "{Probing the Intergalactic Medium-Galaxy Connection toward PKS 0405-123. I. Ultraviolet Spectroscopy and Metal-Line Systems}",
  journal = {\apj},
   eprint = {arXiv:astro-ph/0408294},
 keywords = {Galaxies: Abundances, Galaxies: Evolution, Galaxies: Intergalactic Medium, Galaxies: Quasars: Absorption Lines},
     year = 2004,
    month = dec,
   volume = 617,
    pages = {718-745},
      doi = {10.1086/425558},
   adsurl = {http://adsabs.harvard.edu/abs/2004ApJ...617..718P},
  adsnote = {Provided by the SAO/NASA Astrophysics Data System}
}

@ARTICLE{Prochaska2003,
   author = {{Prochaska}, J.~X. and {Gawiser}, E. and {Wolfe}, A.~M. and 
	{Castro}, S. and {Djorgovski}, S.~G.},
    title = "{The Age-Metallicity Relation of the Universe in Neutral Gas: The First 100 Damped Ly{$\alpha$} Systems}",
  journal = {\apjl},
   eprint = {astro-ph/0305314},
 keywords = {Galaxies: Abundances, Galaxies: ISM, Galaxies: Quasars: Absorption Lines},
     year = 2003,
    month = sep,
   volume = 595,
    pages = {L9-L12},
      doi = {10.1086/378945},
   adsurl = {http://adsabs.harvard.edu/abs/2003ApJ...595L...9P},
  adsnote = {Provided by the SAO/NASA Astrophysics Data System}
}

@ARTICLE{Prochaska2006,
   author = {{Prochaska}, J.~X. and {Weiner}, B.~J. and {Chen}, H.-W. and 
	{Mulchaey}, J.~S.},
    title = "{Probing the Intergalactic Medium-Galaxy Connection toward PKS 0405-123. III. The Galaxy Survey and Correlations with O VI Absorbers}",
  journal = {\apj},
   eprint = {arXiv:astro-ph/0602172},
 keywords = {Galaxies: Quasars: Absorption Lines},
     year = 2006,
    month = jun,
   volume = 643,
    pages = {680-691},
      doi = {10.1086/503184},
   adsurl = {http://adsabs.harvard.edu/abs/2006ApJ...643..680P},
  adsnote = {Provided by the SAO/NASA Astrophysics Data System}
}

@ARTICLE{Prochaska2011,
   author = {{Prochaska}, J.~X. and {Weiner}, B. and {Chen}, H.-W. and {Mulchaey}, J. and 
	{Cooksey}, K.},
    title = "{Probing the Intergalactic Medium/Galaxy Connection. V. On the Origin of Ly{$\alpha$} and O VI Absorption at z {\lt} 0.2}",
  journal = {\apj},
archivePrefix = "arXiv",
   eprint = {1103.1891},
 primaryClass = "astro-ph.CO",
 keywords = {galaxies: structure, intergalactic medium, large-scale structure of universe, quasars: absorption lines},
     year = 2011,
    month = oct,
   volume = 740,
      eid = {91},
    pages = {91},
      doi = {10.1088/0004-637X/740/2/91},
   adsurl = {http://adsabs.harvard.edu/abs/2011ApJ...740...91P},
  adsnote = {Provided by the SAO/NASA Astrophysics Data System}
}

@ARTICLE{Prochter2006,
   author = {{Prochter}, G.~E. and {Prochaska}, J.~X. and {Burles}, S.~M.
	},
    title = "{On the Incidence and Kinematics of Strong Mg II Absorbers}",
  journal = {\apj},
   eprint = {astro-ph/0411776},
 keywords = {quasars: absorption lines (Mg II)},
     year = 2006,
    month = mar,
   volume = 639,
    pages = {766-780},
      doi = {10.1086/499341},
   adsurl = {http://adsabs.harvard.edu/abs/2006ApJ...639..766P},
  adsnote = {Provided by the SAO/NASA Astrophysics Data System}
}

@ARTICLE{Quiret2016,
   author = {{Quiret}, S. and {P{\'e}roux}, C. and {Zafar}, T. and {Kulkarni}, V.~P. and 
	{Jenkins}, E.~B. and {Milliard}, B. and {Rahmani}, H. and {Popping}, A. and 
	{Rao}, S.~M. and {Turnshek}, D.~A. and {Monier}, E.~M.},
    title = "{The ESO UVES Advanced Data Products Quasar Sample - VI. Sub-Damped Lyman-{$\alpha$} Metallicity Measurements and the Circum-Galactic Medium}",
  journal = {\mnras},
archivePrefix = "arXiv",
   eprint = {1602.02564},
 keywords = {Galaxies: formation, galaxies: evolution, galaxies: abundances, galaxies: ISM, quasars: absorption lines, intergalactic medium},
     year = 2016,
    month = mar,
      doi = {10.1093/mnras/stw524},
   adsurl = {http://adsabs.harvard.edu/abs/2016MNRAS.tmp..314Q},
  adsnote = {Provided by the SAO/NASA Astrophysics Data System}
}

@ARTICLE{Rafelski2012,
   author = {{Rafelski}, M. and {Wolfe}, A.~M. and {Prochaska}, J.~X. and 
	{Neeleman}, M. and {Mendez}, A.~J.},
    title = "{Metallicity Evolution of Damped Ly{$\alpha$} Systems Out to z \~{} 5}",
  journal = {\apj},
archivePrefix = "arXiv",
   eprint = {1205.5047},
 primaryClass = "astro-ph.CO",
 keywords = {Galaxy: halo, galaxies: abundances, galaxies: evolution, galaxies: general, galaxies: ISM, quasars: absorption lines},
     year = 2012,
    month = aug,
   volume = 755,
      eid = {89},
    pages = {89},
      doi = {10.1088/0004-637X/755/2/89},
   adsurl = {http://adsabs.harvard.edu/abs/2012ApJ...755...89R},
  adsnote = {Provided by the SAO/NASA Astrophysics Data System}
}

@ARTICLE{Rakic2012,
   author = {{Rakic}, O. and {Schaye}, J. and {Steidel}, C.~C. and {Rudie}, G.~C.
	},
    title = "{Neutral Hydrogen Optical Depth near Star-forming Galaxies at z {\ap} 2.4 in the Keck Baryonic Structure Survey}",
  journal = {\apj},
archivePrefix = "arXiv",
   eprint = {1109.4944},
 primaryClass = "astro-ph.CO",
 keywords = {galaxies: formation, galaxies: halos, galaxies: high-redshift, intergalactic medium, large-scale structure of Universe, quasars: absorption lines},
     year = 2012,
    month = jun,
   volume = 751,
      eid = {94},
    pages = {94},
      doi = {10.1088/0004-637X/751/2/94},
   adsurl = {http://adsabs.harvard.edu/abs/2012ApJ...751...94R},
  adsnote = {Provided by the SAO/NASA Astrophysics Data System}
}

@ARTICLE{Richter2004,
   author = {{Richter}, P. and {Savage}, B.~D. and {Tripp}, T.~M. and {Sembach}, K.~R.
	},
    title = "{FUSE and STIS Observations of the Warm-hot Intergalactic Medium toward PG 1259+593}",
  journal = {\apjs},
   eprint = {astro-ph/0403513},
 keywords = {Galaxies: Intergalactic Medium, Galaxies: Quasars: Absorption Lines, Ultraviolet: General},
     year = 2004,
    month = jul,
   volume = 153,
    pages = {165-204},
      doi = {10.1086/421297},
   adsurl = {http://adsabs.harvard.edu/abs/2004ApJS..153..165R},
  adsnote = {Provided by the SAO/NASA Astrophysics Data System}
}

@ARTICLE{Rigby2002,
   author = {{Rigby}, J.~R. and {Charlton}, J.~C. and {Churchill}, C.~W.},
    title = "{The Population of Weak Mg II Absorbers. II. The Properties of Single-Cloud Systems}",
  journal = {\apj},
   eprint = {astro-ph/0110191},
 keywords = {Galaxies: Dwarf, Galaxies: Evolution, Galaxies: Halos, Galaxies: Intergalactic Medium, Galaxies: Quasars: Absorption Lines},
     year = 2002,
    month = feb,
   volume = 565,
    pages = {743-761},
      doi = {10.1086/324723},
   adsurl = {http://adsabs.harvard.edu/abs/2002ApJ...565..743R},
  adsnote = {Provided by the SAO/NASA Astrophysics Data System}
}

@ARTICLE{Rubin2010,
   author = {{Rubin}, K.~H.~R. and {Weiner}, B.~J. and {Koo}, D.~C. and {Martin}, C.~L. and 
	{Prochaska}, J.~X. and {Coil}, A.~L. and {Newman}, J.~A.},
    title = "{The Persistence of Cool Galactic Winds in High Stellar Mass Galaxies between z \~{} 1.4 and \~{}1}",
  journal = {\apj},
archivePrefix = "arXiv",
   eprint = {0912.2343},
 keywords = {galaxies: evolution, galaxies: ISM, ultraviolet: ISM},
     year = 2010,
    month = aug,
   volume = 719,
    pages = {1503-1525},
      doi = {10.1088/0004-637X/719/2/1503},
   adsurl = {http://adsabs.harvard.edu/abs/2010ApJ...719.1503R},
  adsnote = {Provided by the SAO/NASA Astrophysics Data System}
}

@ARTICLE{Rudie2012,
   author = {{Rudie}, G.~C. and {Steidel}, C.~C. and {Trainor}, R.~F. and 
	{Rakic}, O. and {Bogosavljevi{\'c}}, M. and {Pettini}, M. and 
	{Reddy}, N. and {Shapley}, A.~E. and {Erb}, D.~K. and {Law}, D.~R.
	},
    title = "{The Gaseous Environment of High-z Galaxies: Precision Measurements of Neutral Hydrogen in the Circumgalactic Medium of z \~{} 2-3 Galaxies in the Keck Baryonic Structure Survey}",
  journal = {\apj},
archivePrefix = "arXiv",
   eprint = {1202.6055},
 primaryClass = "astro-ph.CO",
 keywords = {cosmology: observations, galaxies: evolution, galaxies: formation, galaxies: high-redshift, intergalactic medium, quasars: absorption lines},
     year = 2012,
    month = may,
   volume = 750,
      eid = {67},
    pages = {67},
      doi = {10.1088/0004-637X/750/1/67},
   adsurl = {http://adsabs.harvard.edu/abs/2012ApJ...750...67R},
  adsnote = {Provided by the SAO/NASA Astrophysics Data System}
}

@ARTICLE{Rudie2013,
   author = {{Rudie}, G.~C. and {Steidel}, C.~C. and {Shapley}, A.~E. and 
	{Pettini}, M.},
    title = "{The Column Density Distribution and Continuum Opacity of the Intergalactic and Circumgalactic Medium at Redshift langzrang = 2.4}",
  journal = {\apj},
archivePrefix = "arXiv",
   eprint = {1304.6719},
 primaryClass = "astro-ph.CO",
 keywords = {intergalactic medium, quasars: absorption lines},
     year = 2013,
    month = jun,
   volume = 769,
      eid = {146},
    pages = {146},
      doi = {10.1088/0004-637X/769/2/146},
   adsurl = {http://adsabs.harvard.edu/abs/2013ApJ...769..146R},
  adsnote = {Provided by the SAO/NASA Astrophysics Data System}
}

@ARTICLE{Sargent1988,
   author = {{Sargent}, W.~L.~W. and {Steidel}, C.~C. and {Boksenberg}, A.
	},
    title = "{MG II absorption in the spectra of high and low redshift QSOs}",
  journal = {\apj},
 keywords = {Absorption Spectra, Magnesium, Quasars, Red Shift, Density Distribution, Metallicity, Space Density},
     year = 1988,
    month = nov,
   volume = 334,
    pages = {22-33},
      doi = {10.1086/166814},
   adsurl = {http://adsabs.harvard.edu/abs/1988ApJ...334...22S},
  adsnote = {Provided by the SAO/NASA Astrophysics Data System}
}

@ARTICLE{Savage2002,
   author = {{Savage}, B.~D. and {Sembach}, K.~R. and {Tripp}, T.~M. and 
	{Richter}, P.},
    title = "{Far Ultraviolet Spectroscopic Explorer and Space Telescope Imaging Spectrograph Observations of Intervening O VI Absorption Line Systems in the Spectrum of PG 0953+415}",
  journal = {\apj},
 keywords = {Galaxies: Intergalactic Medium, Galaxies: Quasars: Absorption Lines, Galaxies: Quasars: General, quasars: individual (PG 0953+415)},
     year = 2002,
    month = jan,
   volume = 564,
    pages = {631-649},
      doi = {10.1086/324288},
   adsurl = {http://adsabs.harvard.edu/abs/2002ApJ...564..631S},
  adsnote = {Provided by the SAO/NASA Astrophysics Data System}
}

@ARTICLE{Savage2003,
   author = {{Savage}, B.~D. and {Sembach}, K.~R. and {Wakker}, B.~P. and 
	{Richter}, P. and {Meade}, M. and {Jenkins}, E.~B. and {Shull}, J.~M. and 
	{Moos}, H.~W. and {Sonneborn}, G.},
    title = "{Distribution and Kinematics of O VI in the Galactic Halo}",
  journal = {\apjs},
   eprint = {astro-ph/0208140},
 keywords = {Galaxy: Halo, ISM: Abundances, ISM: Clouds, Ultraviolet: ISM},
     year = 2003,
    month = may,
   volume = 146,
    pages = {125-164},
      doi = {10.1086/346229},
   adsurl = {http://adsabs.harvard.edu/abs/2003ApJS..146..125S},
  adsnote = {Provided by the SAO/NASA Astrophysics Data System}
}
@ARTICLE{Savage2010,
   author = {{Savage}, B.~D. and {Narayanan}, A. and {Wakker}, B.~P. and 
	{Stocke}, J.~T. and {Keeney}, B.~A. and {Shull}, J.~M. and {Sembach}, K.~R. and 
	{Yao}, Y. and {Green}, J.~C.},
    title = "{O VI Absorbers Tracing Hot Gas Associated with a Pair of Galaxies at z = 0.167}",
  journal = {\apj},
archivePrefix = "arXiv",
   eprint = {1007.0772},
 primaryClass = "astro-ph.CO",
 keywords = {galaxies: halos, intergalactic medium, ultraviolet: galaxies},
     year = 2010,
    month = aug,
   volume = 719,
    pages = {1526-1545},
      doi = {10.1088/0004-637X/719/2/1526},
   adsurl = {http://adsabs.harvard.edu/abs/2010ApJ...719.1526S},
  adsnote = {Provided by the SAO/NASA Astrophysics Data System}
}


@ARTICLE{Schawinski2014,
   author = {{Schawinski}, K. and {Urry}, C.~M. and {Simmons}, B.~D. and 
        {Fortson}, L. and {Kaviraj}, S. and {Keel}, W.~C. and {Lintott}, C.~J. and
        {Masters}, K.~L. and {Nichol}, R.~C. and {Sarzi}, M. and {Skibba}, R. and 
        {Treister}, E. and {Willett}, K.~W. and {Wong}, O.~I. and {Yi}, S.~K.},
    title = "{The green valley is a red herring: Galaxy Zoo reveals two evolutionary pathways towards quenching of star formation in early- and late-type galaxies}",
  journal = {\mnras},
archivePrefix = "arXiv",
   eprint = {1402.4814},
 primaryClass = "astro-ph.GA",
 keywords = {galaxies: active, galaxies: elliptical and lenticular, cD, galaxies: evolution, galaxies: spiral},
     year = 2014,
    month = may,
   volume = 440,
    pages = {889-907},
      doi = {10.1093/mnras/stu327},
   adsurl = {http://adsabs.harvard.edu/abs/2014MNRAS.440..889S},
  adsnote = {Provided by the SAO/NASA Astrophysics Data System}
}

@ARTICLE{Schaye2001,
   author = {{Schaye}, J.},
    title = "{Model-independent Insights into the Nature of the Ly{$\alpha$} Forest and the Distribution of Matter in the Universe}",
  journal = {\apj},
   eprint = {arXiv:astro-ph/0104272},
 keywords = {Cosmology: Theory, Galaxies: Formation, Hydrodynamics, Galaxies: Intergalactic Medium, Galaxies: Quasars: Absorption Lines},
     year = 2001,
    month = oct,
   volume = 559,
    pages = {507-515},
      doi = {10.1086/322421},
   adsurl = {http://adsabs.harvard.edu/abs/2001ApJ...559..507S},
  adsnote = {Provided by the SAO/NASA Astrophysics Data System}
}

@ARTICLE{Schneider1993,
   author = {{Schneider}, D.~P. and {Hartig}, G.~F. and {Jannuzi}, B.~T. and 
	{Kirhakos}, S. and {Saxe}, D.~H. and {Weymann}, R.~J. and {Bahcall}, J.~N. and 
	{Bergeron}, J. and {Boksenberg}, A. and {Sargent}, W.~L.~W. and 
	{Savage}, B.~D. and {Turnshek}, D.~A. and {Wolfe}, A.~M.},
    title = "{The Hubble Space Telescope quasar absorption line key project. II - Data calibration and absorption-line selection}",
  journal = {\apjs},
 keywords = {ABSORPTION SPECTRA, HUBBLE SPACE TELESCOPE, QUASARS, ASTRONOMICAL SPECTROSCOPY, CALIBRATING, EMISSION SPECTRA, SPECTRAL ENERGY DISTRIBUTION, SPECTRAL LINE WIDTH},
     year = 1993,
    month = jul,
   volume = 87,
    pages = {45-62},
      doi = {10.1086/191798},
   adsurl = {http://adsabs.harvard.edu/abs/1993ApJS...87...45S},
  adsnote = {Provided by the SAO/NASA Astrophysics Data System}
}


@ARTICLE{Sembach1992,
   author = {{Sembach}, K.~R. and {Savage}, B.~D.},
    title = "{Observations of highly ionized gas in the Galactic halo}",
  journal = {\apjs},
 keywords = {ABUNDANCE, GALACTIC HALOS, INTERSTELLAR MATTER, IONIZED GASES, IUE, PHOTOIONIZATION, DATA REDUCTION, HALOS, MILKY WAY GALAXY, STELLAR ENVELOPES, UBV SPECTRA},
     year = 1992,
    month = nov,
   volume = 83,
    pages = {147-201},
      doi = {10.1086/191734},
   adsurl = {http://adsabs.harvard.edu/abs/1992ApJS...83..147S},
  adsnote = {Provided by the SAO/NASA Astrophysics Data System}
}

@ARTICLE{Sembach2004,
   author = {{Sembach}, K.~R. and {Tripp}, T.~M. and {Savage}, B.~D. and 
	{Richter}, P.},
    title = "{Physical Properties and Baryonic Content of Low-Redshift Intergalactic Ly{$\alpha$} and O VI Absorption Line Systems: The PG 1116+215 Sight Line}",
  journal = {\apjs},
   eprint = {astro-ph/0407549},
 keywords = {Cosmology: Observations, Galaxies: Intergalactic Medium, Galaxies: Quasars: Absorption Lines, Galaxies: Quasars: Individual: Alphanumeric: PG 1116+215},
     year = 2004,
    month = dec,
   volume = 155,
    pages = {351-393},
      doi = {10.1086/425037},
   adsurl = {http://adsabs.harvard.edu/abs/2004ApJS..155..351S},
  adsnote = {Provided by the SAO/NASA Astrophysics Data System}
}

@ARTICLE{Sharma2013,
   author = {{Sharma}, M. and {Nath}, B.~B.},
    title = "{Supernovae and AGN Driven Galactic Outflows}",
  journal = {\apj},
archivePrefix = "arXiv",
   eprint = {1209.0242},
 keywords = {galaxies: active, galaxies: evolution, galaxies: starburst},
     year = 2013,
    month = jan,
   volume = 763,
      eid = {17},
    pages = {17},
      doi = {10.1088/0004-637X/763/1/17},
   adsurl = {http://adsabs.harvard.edu/abs/2013ApJ...763...17S},
  adsnote = {Provided by the SAO/NASA Astrophysics Data System}
}

@ARTICLE{Shattow2015,
   author = {{Shattow}, G.~M. and {Croton}, D.~J. and {Bibiano}, A.},
    title = "{Thinking outside the halo: tracing the large-scale distribution of diffuse cosmic metals with semi-analytic models}",
  journal = {\mnras},
archivePrefix = "arXiv",
   eprint = {1503.07898},
 keywords = {methods: numerical, galaxies: evolution, intergalactic medium},
     year = 2015,
    month = jul,
   volume = 450,
    pages = {2306-2316},
      doi = {10.1093/mnras/stv653},
   adsurl = {http://adsabs.harvard.edu/abs/2015MNRAS.450.2306S},
  adsnote = {Provided by the SAO/NASA Astrophysics Data System}
}

@ARTICLE{Shone2010,
   author = {{Shone}, A.~M. and {Morris}, S.~L. and {Crighton}, N. and {Wilman}, R.~J.
	},
    title = "{The association between gas and galaxies - III. The cross-correlation of galaxies and Ly{$\alpha$} absorbers{\dagger} at z \~{} 1}",
  journal = {\mnras},
archivePrefix = "arXiv",
   eprint = {0911.3400},
 primaryClass = "astro-ph.CO",
 keywords = {galaxies: haloes, intergalactic medium, quasars: absorption lines},
     year = 2010,
    month = mar,
   volume = 402,
    pages = {2520-2538},
      doi = {10.1111/j.1365-2966.2009.16056.x},
   adsurl = {http://adsabs.harvard.edu/abs/2010MNRAS.402.2520S},
  adsnote = {Provided by the SAO/NASA Astrophysics Data System}
}

@ARTICLE{Simard2002,
   author = {{Simard}, L. and {Willmer}, C.~N.~A. and {Vogt}, N.~P. and {Sarajedini}, V.~L. and 
	{Phillips}, A.~C. and {Weiner}, B.~J. and {Koo}, D.~C. and {Im}, M. and 
	{Illingworth}, G.~D. and {Faber}, S.~M.},
    title = "{The DEEP Groth Strip Survey. II. Hubble Space Telescope Structural Parameters of Galaxies in the Groth Strip}",
  journal = {\apjs},
   eprint = {arXiv:astro-ph/0205025},
 keywords = {Galaxies: Evolution, Galaxies: Fundamental Parameters, Galaxies: High-Redshift},
     year = 2002,
    month = sep,
   volume = 142,
    pages = {1-33},
      doi = {10.1086/341399},
   adsurl = {http://adsabs.harvard.edu/abs/2002ApJS..142....1S},
  adsnote = {Provided by the SAO/NASA Astrophysics Data System}
}

@ARTICLE{Steidel2002,
   author = {{Steidel}, C.~C. and {Kollmeier}, J.~A. and {Shapley}, A.~E. and 
	{Churchill}, C.~W. and {Dickinson}, M. and {Pettini}, M.},
    title = "{The Kinematic Connection between absorbing Gas toward QSOs and Galaxies at Intermediate Redshift}",
  journal = {\apj},
   eprint = {astro-ph/0201353},
 keywords = {Galaxies: Halos, Galaxies: Kinematics and Dynamics, Galaxies: Quasars: Absorption Lines},
     year = 2002,
    month = may,
   volume = 570,
    pages = {526-542},
      doi = {10.1086/339792},
   adsurl = {http://adsabs.harvard.edu/abs/2002ApJ...570..526S},
  adsnote = {Provided by the SAO/NASA Astrophysics Data System}
}

@ARTICLE{Steidel1992,
   author = {{Steidel}, C.~C. and {Sargent}, W.~L.~W.},
    title = "{MG II absorption in the spectra of 103 QSOs - Implications for the evolution of gas in high-redshift galaxies}",
  journal = {\apjs},
 keywords = {Absorption Spectra, Galactic Evolution, Interstellar Gas, Magnesium, Metallicity, Quasars, Astronomical Spectroscopy, Emission Spectra, Gravitational Lenses, Red Shift},
     year = 1992,
    month = may,
   volume = 80,
    pages = {1-108},
      doi = {10.1086/191660},
   adsurl = {http://adsabs.harvard.edu/abs/1992ApJS...80....1S},
  adsnote = {Provided by the SAO/NASA Astrophysics Data System}
}

@ARTICLE{Steidel2010,
   author = {{Steidel}, C.~C. and {Erb}, D.~K. and {Shapley}, A.~E. and {Pettini}, M. and 
	{Reddy}, N. and {Bogosavljevi{\'c}}, M. and {Rudie}, G.~C. and 
	{Rakic}, O.},
    title = "{The Structure and Kinematics of the Circumgalactic Medium from Far-ultraviolet Spectra of z \~{}= 2-3 Galaxies}",
  journal = {\apj},
archivePrefix = "arXiv",
   eprint = {1003.0679},
 primaryClass = "astro-ph.CO",
 keywords = {cosmology: observations, galaxies: evolution, galaxies: high-redshift},
     year = 2010,
    month = jul,
   volume = 717,
    pages = {289-322},
      doi = {10.1088/0004-637X/717/1/289},
   adsurl = {http://adsabs.harvard.edu/abs/2010ApJ...717..289S},
  adsnote = {Provided by the SAO/NASA Astrophysics Data System}
}

@ARTICLE{Stern2016,
   author = {{Stern}, J. and {Hennawi}, J.~F. and {Prochaska}, J.~X. and 
	{Werk}, J.~K.},
    title = "{A Universal Density Structure for Circum-Galactic Gas}",
  journal = {ArXiv e-prints},
archivePrefix = "arXiv",
   eprint = {1604.02168},
 keywords = {Astrophysics - Astrophysics of Galaxies, Astrophysics - Cosmology and Nongalactic Astrophysics},
     year = 2016,
    month = apr,
   adsurl = {http://adsabs.harvard.edu/abs/2016arXiv160402168S},
  adsnote = {Provided by the SAO/NASA Astrophysics Data System}
}

@ARTICLE{Stewart2011galmass,
   author = {{Stewart}, K.~R.},
    title = "{GalMass: A Smartphone Application for Estimating Galaxy Masses}",
  journal = {ArXiv e-prints},
archivePrefix = "arXiv",
   eprint = {1109.3207},
 primaryClass = "astro-ph.IM",
 keywords = {Astrophysics - Instrumentation and Methods for Astrophysics, Astrophysics - Galaxy Astrophysics},
     year = 2011,
    month = sep,
   adsurl = {http://adsabs.harvard.edu/abs/2011arXiv1109.3207S},
  adsnote = {Provided by the SAO/NASA Astrophysics Data System}
}

@ARTICLE{Stewart2011,
   author = {{Stewart}, K.~R. and {Kaufmann}, T. and {Bullock}, J.~S. and 
	{Barton}, E.~J. and {Maller}, A.~H. and {Diemand}, J. and {Wadsley}, J.
	},
    title = "{Orbiting Circumgalactic Gas as a Signature of Cosmological Accretion}",
  journal = {\apj},
archivePrefix = "arXiv",
   eprint = {1103.4388},
 primaryClass = "astro-ph.CO",
 keywords = {galaxies: evolution, galaxies: formation, galaxies: halos, methods: numerical, quasars: absorption lines},
     year = 2011,
    month = sep,
   volume = 738,
      eid = {39},
    pages = {39},
      doi = {10.1088/0004-637X/738/1/39},
   adsurl = {http://adsabs.harvard.edu/abs/2011ApJ...738...39S},
  adsnote = {Provided by the SAO/NASA Astrophysics Data System}
}

@ARTICLE{Stocke2006,
   author = {{Stocke}, J.~T. and {Penton}, S.~V. and {Danforth}, C.~W. and 
	{Shull}, J.~M. and {Tumlinson}, J. and {McLin}, K.~M.},
    title = "{The Galaxy Environment of O VI Absorption Systems}",
  journal = {\apj},
   eprint = {astro-ph/0509822},
 keywords = {Galaxies: Dwarf, Galaxies: Starburst, Galaxies: Intergalactic Medium, Galaxies: Quasars: Absorption Lines, Ultraviolet: Galaxies},
     year = 2006,
    month = apr,
   volume = 641,
    pages = {217-228},
      doi = {10.1086/500386},
   adsurl = {http://adsabs.harvard.edu/abs/2006ApJ...641..217S},
  adsnote = {Provided by the SAO/NASA Astrophysics Data System}
}

@ARTICLE{Stocke2013,
   author = {{Stocke}, J.~T. and {Keeney}, B.~A. and {Danforth}, C.~W. and 
	{Shull}, J.~M. and {Froning}, C.~S. and {Green}, J.~C. and {Penton}, S.~V. and 
	{Savage}, B.~D.},
    title = "{Characterizing the Circumgalactic Medium of Nearby Galaxies with HST/COS and HST/STIS Absorption-line Spectroscopy}",
  journal = {\apj},
archivePrefix = "arXiv",
   eprint = {1212.5658},
 primaryClass = "astro-ph.CO",
 keywords = {galaxies: dwarf, galaxies: groups: general, galaxies: halos, galaxies: spiral, intergalactic medium, quasars: absorption lines},
     year = 2013,
    month = feb,
   volume = 763,
      eid = {148},
    pages = {148},
      doi = {10.1088/0004-637X/763/2/148},
   adsurl = {http://adsabs.harvard.edu/abs/2013ApJ...763..148S},
  adsnote = {Provided by the SAO/NASA Astrophysics Data System}
}


@ARTICLE{Strickland2004,
   author = {{Strickland}, D.~K. and {Heckman}, T.~M. and {Colbert}, E.~J.~M. and 
	{Hoopes}, C.~G. and {Weaver}, K.~A.},
    title = "{A High Spatial Resolution X-Ray and H{$\alpha$} Study of Hot Gas in the Halos of Star-forming Disk Galaxies. I. Spatial and Spectral Properties of the Diffuse X-Ray Emission}",
  journal = {\apjs},
   eprint = {arXiv:astro-ph/0306592},
 keywords = {Galaxies: Halos, Galaxies: Individual: NGC Number: NGC 253, Galaxies: Individual: NGC Number: NGC 891, Galaxies: Individual: NGC Number: NGC 1482, Galaxies: Individual: NGC Number: NGC 3034, Galaxies: Individual: NGC Number: NGC 3073, Galaxies: Individual: NGC Number: NGC 3079, Galaxies: Individual: NGC Number: NGC 3628, Galaxies: Individual: NGC Number: NGC 4244, Galaxies: Individual: NGC Number: NGC 4631, Galaxies: Individual: NGC Number: NGC 4945, Galaxies: Individual: NGC Number: NGC 6503, Galaxies: Starburst, ISM: Bubbles, ISM: Jets and Outflows, X-Rays: Galaxies},
     year = 2004,
    month = apr,
   volume = 151,
    pages = {193-236},
      doi = {10.1086/382214},
   adsurl = {http://adsabs.harvard.edu/abs/2004ApJS..151..193S},
  adsnote = {Provided by the SAO/NASA Astrophysics Data System}
}

@ARTICLE{Thom2008,
   author = {{Thom}, C. and {Chen}, H.-W.},
    title = "{A STIS Survey for O VI Absorption Systems at 0.12 {\lt} z {\lt}\~{} 0.5. I. The Statistical Properties of Ionized Gas}",
  journal = {\apj},
archivePrefix = "arXiv",
   eprint = {0801.2380},
 keywords = {Cosmology: Observations, Galaxies: Intergalactic Medium, Galaxies: Quasars: Absorption Lines},
     year = 2008,
    month = aug,
   volume = 683,
    pages = {22-32},
      doi = {10.1086/587976},
   adsurl = {http://adsabs.harvard.edu/abs/2008ApJ...683...22T},
  adsnote = {Provided by the SAO/NASA Astrophysics Data System}
}

@ARTICLE{Thom2011,
   author = {{Thom}, C. and {Werk}, J.~K. and {Tumlinson}, J. and {Prochaska}, J.~X. and 
	{Meiring}, J.~D. and {Tripp}, T.~M. and {Sembach}, K.~R.},
    title = "{The Gas-Galaxy Connection at z $_{abs}$ = 0.35: O VI and H I Absorption toward J 0943+0531}",
  journal = {\apj},
archivePrefix = "arXiv",
   eprint = {1105.4601},
 primaryClass = "astro-ph.CO",
 keywords = {galaxies: halos, intergalactic medium, quasars: absorption lines},
     year = 2011,
    month = jul,
   volume = 736,
      eid = {1},
    pages = {1},
      doi = {10.1088/0004-637X/736/1/1},
   adsurl = {http://adsabs.harvard.edu/abs/2011ApJ...736....1T},
  adsnote = {Provided by the SAO/NASA Astrophysics Data System}
}

@ARTICLE{Tremonti2004,
   author = {{Tremonti}, C.~A. and {Heckman}, T.~M. and {Kauffmann}, G. and 
	{Brinchmann}, J. and {Charlot}, S. and {White}, S.~D.~M. and 
	{Seibert}, M. and {Peng}, E.~W. and {Schlegel}, D.~J. and {Uomoto}, A. and 
	{Fukugita}, M. and {Brinkmann}, J.},
    title = "{The Origin of the Mass-Metallicity Relation: Insights from 53,000 Star-forming Galaxies in the Sloan Digital Sky Survey}",
  journal = {\apj},
   eprint = {astro-ph/0405537},
 keywords = {Galaxies: Abundances, Galaxies: Evolution, Galaxies: Fundamental Parameters, Galaxies: Statistics},
     year = 2004,
    month = oct,
   volume = 613,
    pages = {898-913},
      doi = {10.1086/423264},
   adsurl = {http://adsabs.harvard.edu/abs/2004ApJ...613..898T},
  adsnote = {Provided by the SAO/NASA Astrophysics Data System}
}

@ARTICLE{Tremonti2007,
   author = {{Tremonti}, C.~A. and {Moustakas}, J. and {Diamond-Stanic}, A.~M.
	},
    title = "{The Discovery of 1000 km s$^{-1}$ Outflows in Massive Poststarburst Galaxies at z=0.6}",
  journal = {\apjl},
archivePrefix = "arXiv",
   eprint = {0706.0527},
 keywords = {Galaxies: Evolution, Galaxies: ISM, Galaxies: Starburst, Galaxies: Quasars: Absorption Lines},
     year = 2007,
    month = jul,
   volume = 663,
    pages = {L77-L80},
      doi = {10.1086/520083},
   adsurl = {http://adsabs.harvard.edu/abs/2007ApJ...663L..77T},
  adsnote = {Provided by the SAO/NASA Astrophysics Data System}
}

@ARTICLE{Tripp2000,
   author = {{Tripp}, T.~M. and {Savage}, B.~D.},
    title = "{O VI and Multicomponent H I Absorption Associated with a Galaxy Group in the Direction of PG 0953+415: Physical Conditions and Baryonic Content}",
  journal = {\apj},
   eprint = {astro-ph/0004135},
 keywords = {Cosmology: Observations, Galaxies: Halos, Galaxies: Intergalactic Medium, Galaxies: Quasars: Absorption Lines, quasars: individual (PG 0953+415)},
     year = 2000,
    month = oct,
   volume = 542,
    pages = {42-56},
      doi = {10.1086/309506},
   adsurl = {http://adsabs.harvard.edu/abs/2000ApJ...542...42T},
  adsnote = {Provided by the SAO/NASA Astrophysics Data System}
}

@ARTICLE{Tripp2001,
   author = {{Tripp}, T.~M. and {Giroux}, M.~L. and {Stocke}, J.~T. and {Tumlinson}, J. and 
	{Oegerle}, W.~R.},
    title = "{The Ionization and Metallicity of the Intervening O VI Absorber at z=0.1212 in the Spectrum of H1821+643}",
  journal = {\apj},
   eprint = {astro-ph/0108371},
 keywords = {Galaxies: Intergalactic Medium, Galaxies: Quasars: Absorption Lines, quasars: individual (H1821+643)},
     year = 2001,
    month = dec,
   volume = 563,
    pages = {724-735},
      doi = {10.1086/323965},
   adsurl = {http://adsabs.harvard.edu/abs/2001ApJ...563..724T},
  adsnote = {Provided by the SAO/NASA Astrophysics Data System}
}

@ARTICLE{Tripp2006,
   author = {{Tripp}, T.~M. and {Aracil}, B. and {Bowen}, D.~V. and {Jenkins}, E.~B.
	},
    title = "{The O VI Absorbers toward PG 0953+415: High-Metallicity, Cosmic-Web Gas Far from Luminous Galaxies}",
  journal = {\apjl},
   eprint = {astro-ph/0604415},
 keywords = {Galaxies: Intergalactic Medium, Galaxies: Quasars: Absorption Lines, Galaxies: Quasars: Individual: Alphanumeric: PG 0953+415},
     year = 2006,
    month = jun,
   volume = 643,
    pages = {L77-L82},
      doi = {10.1086/505264},
   adsurl = {http://adsabs.harvard.edu/abs/2006ApJ...643L..77T},
  adsnote = {Provided by the SAO/NASA Astrophysics Data System}
}

@ARTICLE{Tripp2008,
   author = {{Tripp}, T.~M. and {Sembach}, K.~R. and {Bowen}, D.~V. and {Savage}, B.~D. and 
	{Jenkins}, E.~B. and {Lehner}, N. and {Richter}, P.},
    title = "{A High-Resolution Survey of Low-Redshift QSO Absorption Lines: Statistics and Physical Conditions of O VI Absorbers}",
  journal = {\apjs},
archivePrefix = "arXiv",
   eprint = {0706.1214},
 keywords = {Cosmology: Observations, Galaxies: Intergalactic Medium, Galaxies: Quasars: Absorption Lines},
     year = 2008,
    month = jul,
   volume = 177,
    pages = {39-102},
      doi = {10.1086/587486},
   adsurl = {http://adsabs.harvard.edu/abs/2008ApJS..177...39T},
  adsnote = {Provided by the SAO/NASA Astrophysics Data System}
}

@ARTICLE{Tripp2011,
   author = {{Tripp}, T.~M. and {Meiring}, J.~D. and {Prochaska}, J.~X. and 
	{Willmer}, C.~N.~A. and {Howk}, J.~C. and {Werk}, J.~K. and 
	{Jenkins}, E.~B. and {Bowen}, D.~V. and {Lehner}, N. and {Sembach}, K.~R. and 
	{Thom}, C. and {Tumlinson}, J.},
    title = "{The Hidden Mass and Large Spatial Extent of a Post-Starburst Galaxy Outflow}",
  journal = {Science},
archivePrefix = "arXiv",
   eprint = {1111.3982},
 primaryClass = "astro-ph.CO",
     year = 2011,
    month = nov,
   volume = 334,
    pages = {952-},
      doi = {10.1126/science.1209850},
   adsurl = {http://adsabs.harvard.edu/abs/2011Sci...334..952T},
  adsnote = {Provided by the SAO/NASA Astrophysics Data System}
}

@ARTICLE{Trujillo2011,
   author = {{Trujillo-Gomez}, S. and {Klypin}, A. and {Primack}, J. and 
	{Romanowsky}, A.~J.},
    title = "{Galaxies in {$\Lambda$}CDM with Halo Abundance Matching: Luminosity-Velocity Relation, Baryonic Mass-Velocity Relation, Velocity Function, and Clustering}",
  journal = {\apj},
archivePrefix = "arXiv",
   eprint = {1005.1289},
 primaryClass = "astro-ph.CO",
 keywords = {cosmology: theory, dark matter, galaxies: halos, galaxies: structure},
     year = 2011,
    month = nov,
   volume = 742,
      eid = {16},
    pages = {16},
      doi = {10.1088/0004-637X/742/1/16},
   adsurl = {http://adsabs.harvard.edu/abs/2011ApJ...742...16T},
  adsnote = {Provided by the SAO/NASA Astrophysics Data System}
}

@ARTICLE{Trujillo2013,
   author = {{Trujillo-Gomez}, S. and {Klypin}, A. and {Colin}, P. and {Ceverino}, D. and 
	{Arraki}, K. and {Primack}, J.},
    title = "{Low-mass galaxy assembly in simulations: regulation of early star formation by radiation from massive stars}",
  journal = {ArXiv e-prints},
archivePrefix = "arXiv",
   eprint = {1311.2910},
 primaryClass = "astro-ph.CO",
 keywords = {Astrophysics - Cosmology and Extragalactic Astrophysics},
     year = 2013,
    month = nov,
   adsurl = {http://adsabs.harvard.edu/abs/2013arXiv1311.2910T},
  adsnote = {Provided by the SAO/NASA Astrophysics Data System}
}

@ARTICLE{Trujillo2014,
   author = {{Trujillo-Gomez}, S. and {Klypin}, A. and {Primack}, J. and  {Churchill}, C. W. and {Vander Vliet}, J.},
    title = "{TBA}",
  journal = {\mnras},
archivePrefix = "arXiv",
   eprint = {0000.0000},
 primaryClass = "astro-ph.CO",
 keywords = {cosmology: theory, dark matter, galaxies: halos, galaxies: structure},
     year = 2014,
    month = nov,
      eid = {16},
    pages = {in preparation},
      doi = {10.1088/0004-637X/742/1/16},
   adsurl = {http://adsabs.harvard.edu/abs/2011ApJ...742...16T},
  adsnote = {Provided by the SAO/NASA Astrophysics Data System}
}

@ARTICLE{Tumlinson2005,
   author = {{Tumlinson}, J. and {Shull}, J.~M. and {Giroux}, M.~L. and {Stocke}, J.~T.
	},
    title = "{The Hot Intergalactic Medium-Galaxy Connection: Two Strong O VI Absorbers in the Sight Line toward PG 1211+143}",
  journal = {\apj},
   eprint = {astro-ph/0411277},
 keywords = {Galaxies: Intergalactic Medium, Galaxies: Quasars: Absorption Lines, Galaxies: Quasars: Individual: Alphanumeric: PG 1211+143},
     year = 2005,
    month = feb,
   volume = 620,
    pages = {95-112},
      doi = {10.1086/426961},
   adsurl = {http://adsabs.harvard.edu/abs/2005ApJ...620...95T},
  adsnote = {Provided by the SAO/NASA Astrophysics Data System}
}

@ARTICLE{Tumlinson2011,
   author = {{Tumlinson}, J. and {Thom}, C. and {Werk}, J.~K. and {Prochaska}, J.~X. and 
	{Tripp}, T.~M. and {Weinberg}, D.~H. and {Peeples}, M.~S. and 
	{O'Meara}, J.~M. and {Oppenheimer}, B.~D. and {Meiring}, J.~D. and 
	{Katz}, N.~S. and {Dav{\'e}}, R. and {Ford}, A.~B. and {Sembach}, K.~R.
	},
    title = "{The Large, Oxygen-Rich Halos of Star-Forming Galaxies Are a Major Reservoir of Galactic Metals}",
  journal = {Science},
archivePrefix = "arXiv",
   eprint = {1111.3980},
 primaryClass = "astro-ph.CO",
     year = 2011,
    month = nov,
   volume = 334,
    pages = {948-},
      doi = {10.1126/science.1209840},
   adsurl = {http://adsabs.harvard.edu/abs/2011Sci...334..948T},
  adsnote = {Provided by the SAO/NASA Astrophysics Data System}
}

@ARTICLE{Tumlinson2013,
   author = {{Tumlinson}, J. and {Thom}, C. and {Werk}, J.~K. and {Prochaska}, J.~X. and 
	{Tripp}, T.~M. and {Katz}, N. and {Dav{\'e}}, R. and {Oppenheimer}, B.~D. and 
	{Meiring}, J.~D. and {Ford}, A.~B. and {O'Meara}, J.~M. and 
	{Peeples}, M.~S. and {Sembach}, K.~R. and {Weinberg}, D.~H.},
    title = "{The COS-Halos Survey: Rationale, Design, and a Census of Circumgalactic Neutral Hydrogen}",
  journal = {\apj},
archivePrefix = "arXiv",
   eprint = {1309.6317},
 primaryClass = "astro-ph.CO",
 keywords = {galaxies: formation, galaxies: halos, intergalactic medium, quasars: absorption lines },
     year = 2013,
    month = nov,
   volume = 777,
      eid = {59},
    pages = {59},
      doi = {10.1088/0004-637X/777/1/59},
   adsurl = {http://adsabs.harvard.edu/abs/2013ApJ...777...59T},
  adsnote = {Provided by the SAO/NASA Astrophysics Data System}
}

@ARTICLE{Tytler1987,
   author = {{Tytler}, D. and {Boksenberg}, A. and {Sargent}, W.~L.~W. and 
	{Young}, P. and {Kunth}, D.},
    title = "{High-resolution spectra of 24 low-redshift QSOs - The properties of MG II absorption systems}",
  journal = {\apjs},
 keywords = {Absorption Spectra, Magnesium, Quasars, Red Shift, Spectral Resolution, Abundance, Astronomical Spectroscopy, Atomic Interactions, Cosmology},
     year = 1987,
    month = aug,
   volume = 64,
    pages = {667-702},
      doi = {10.1086/191213},
   adsurl = {http://adsabs.harvard.edu/abs/1987ApJS...64..667T},
  adsnote = {Provided by the SAO/NASA Astrophysics Data System}
}

@ARTICLE{vandeVoort2011,
   author = {{van de Voort}, F. and {Schaye}, J. and {Booth}, C.~M. and {Haas}, M.~R. and 
	{Dalla Vecchia}, C.},
    title = "{The rates and modes of gas accretion on to galaxies and their gaseous haloes}",
  journal = {\mnras},
archivePrefix = "arXiv",
   eprint = {1011.2491},
 primaryClass = "astro-ph.CO",
 keywords = {galaxies: evolution, galaxies: formation, intergalactic medium, cosmology: theory},
     year = 2011,
    month = jul,
   volume = 414,
    pages = {2458-2478},
      doi = {10.1111/j.1365-2966.2011.18565.x},
   adsurl = {http://adsabs.harvard.edu/abs/2011MNRAS.414.2458V},
  adsnote = {Provided by the SAO/NASA Astrophysics Data System}
}


@ARTICLE{vandeVoort2012,
   author = {{van de Voort}, F. and {Schaye}, J.},
    title = "{Properties of gas in and around galaxy haloes}",
  journal = {\mnras},
archivePrefix = "arXiv",
   eprint = {1111.5039},
 primaryClass = "astro-ph.CO",
 keywords = {galaxies: evolution, galaxies: formation, galaxies: haloes, intergalactic medium, cosmology: theory},
     year = 2012,
    month = jul,
   volume = 423,
    pages = {2991-3010},
      doi = {10.1111/j.1365-2966.2012.20949.x},
   adsurl = {http://adsabs.harvard.edu/abs/2012MNRAS.423.2991V},
  adsnote = {Provided by the SAO/NASA Astrophysics Data System}
}

@INPROCEEDINGS{Vogt1994,
   author = {{Vogt}, S.~S. and {Allen}, S.~L. and {Bigelow}, B.~C. and {Bresee}, L. and 
	{Brown}, B. and {Cantrall}, T. and {Conrad}, A. and {Couture}, M. and 
	{Delaney}, C. and {Epps}, H.~W. and {Hilyard}, D. and {Hilyard}, D.~F. and 
	{Horn}, E. and {Jern}, N. and {Kanto}, D. and {Keane}, M.~J. and 
	{Kibrick}, R.~I. and {Lewis}, J.~W. and {Osborne}, J. and {Pardeilhan}, G.~H. and 
	{Pfister}, T. and {Ricketts}, T. and {Robinson}, L.~B. and {Stover}, R.~J. and 
	{Tucker}, D. and {Ward}, J. and {Wei}, M.~Z.},
    title = "{HIRES: the high-resolution echelle spectrometer on the Keck 10-m Telescope}",
 keywords = {ASTEROSEISMOLOGY,},
booktitle = {Instrumentation in Astronomy VIII},
     year = 1994,
   series = {\procspie},
   volume = 2198,
   editor = {{Crawford}, D.~L. and {Craine}, E.~R.},
    month = jun,
    pages = {362},
   adsurl = {http://adsabs.harvard.edu/abs/1994SPIE.2198..362V},
  adsnote = {Provided by the SAO/NASA Astrophysics Data System}
}

@ARTICLE{Wakker2009,
   author = {{Wakker}, B.~P. and {Savage}, B.~D.},
    title = "{The Relationship Between Intergalactic H I/O VI and Nearby (z {\lt} 0.017) Galaxies}",
  journal = {\apjs},
archivePrefix = "arXiv",
   eprint = {0903.2259},
 primaryClass = "astro-ph.CO",
 keywords = {galaxies: evolution, galaxies: halos, intergalactic medium, ultraviolet: galaxies},
     year = 2009,
    month = may,
   volume = 182,
    pages = {378-467},
      doi = {10.1088/0067-0049/182/1/378},
   adsurl = {http://adsabs.harvard.edu/abs/2009ApJS..182..378W},
  adsnote = {Provided by the SAO/NASA Astrophysics Data System}
}

@ARTICLE{Weiner2009,
   author = {{Weiner}, B.~J. and {Coil}, A.~L. and {Prochaska}, J.~X. and 
	{Newman}, J.~A. and {Cooper}, M.~C. and {Bundy}, K. and {Conselice}, C.~J. and 
	{Dutton}, A.~A. and {Faber}, S.~M. and {Koo}, D.~C. and {Lotz}, J.~M. and 
	{Rieke}, G.~H. and {Rubin}, K.~H.~R.},
    title = "{Ubiquitous Outflows in DEEP2 Spectra of Star-Forming Galaxies at z = 1.4}",
  journal = {\apj},
archivePrefix = "arXiv",
   eprint = {0804.4686},
 keywords = {galaxies: evolution, galaxies: high-redshift, intergalactic medium, ultraviolet: ISM},
     year = 2009,
    month = feb,
   volume = 692,
    pages = {187-211},
      doi = {10.1088/0004-637X/692/1/187},
   adsurl = {http://adsabs.harvard.edu/abs/2009ApJ...692..187W},
  adsnote = {Provided by the SAO/NASA Astrophysics Data System}
}

@ARTICLE{Werk2012,
   author = {{Werk}, J. and {Prochaska}, J.~X. and {Thom}, C. and {Tumlinson}, J. and 
	{Tripp}, T. and {O'Meara}, J. and {Peeples}, M.},
    title = "{The COS-Halos Survey: An Empirical Description of the Metal-Line Absorption in the Low-Redshift Circumgalactic Medium}",
  journal = {ArXiv e-prints},
archivePrefix = "arXiv",
   eprint = {1212.0558},
 primaryClass = "astro-ph.CO",
 keywords = {Astrophysics - Cosmology and Extragalactic Astrophysics},
     year = 2012,
    month = dec,
   adsurl = {http://adsabs.harvard.edu/abs/2012arXiv1212.0558W},
  adsnote = {Provided by the SAO/NASA Astrophysics Data System}
}

@ARTICLE{Werk2014,
   author = {{Werk}, J.~K. and {Prochaska}, J.~X. and {Tumlinson}, J. and 
	{Peeples}, M.~S. and {Tripp}, T.~M. and {Fox}, A.~J. and {Lehner}, N. and 
	{Thom}, C. and {O'Meara}, J.~M. and {Ford}, A.~B. and {Bordoloi}, R. and 
	{Katz}, N. and {Tejos}, N. and {Oppenheimer}, B.~D. and {Dav{\'e}}, R. and 
	{Weinberg}, D.~H.},
    title = "{The COS-Halos Survey: Physical Conditions and Baryonic Mass in the Low-Redshift Circumgalactic Medium}",
  journal = {ArXiv e-prints},
archivePrefix = "arXiv",
   eprint = {1403.0947},
 primaryClass = "astro-ph.CO",
 keywords = {Astrophysics - Cosmology and Extragalactic Astrophysics},
     year = 2014,
    month = mar,
   adsurl = {http://adsabs.harvard.edu/abs/2014arXiv1403.0947W},
  adsnote = {Provided by the SAO/NASA Astrophysics Data System}
}



@ARTICLE{Wolf2003,
   author = {{Wolf}, C. and {Meisenheimer}, K. and {Rix}, H.-W. and {Borch}, A. and 
	{Dye}, S. and {Kleinheinrich}, M.},
    title = "{The COMBO-17 survey: Evolution of the galaxy luminosity function from 25 000 galaxies with 0.2{\lt} z {\lt}1.2}",
  journal = {\aap},
   eprint = {arXiv:astro-ph/0208345},
 keywords = {techniques: photometric, surveys, galaxies: evolution, galaxies: distances and redshifts},
     year = 2003,
    month = apr,
   volume = 401,
    pages = {73-98},
      doi = {10.1051/0004-6361:20021513},
   adsurl = {http://adsabs.harvard.edu/abs/2003A%26A...401...73W},
  adsnote = {Provided by the SAO/NASA Astrophysics Data System}
}

@ARTICLE{Wotta2016,
   author = {{Wotta}, C.~B. and {Lehner}, N. and {Howk}, J.~C. and {O'Meara}, J.~M. and 
	{Prochaska}, J.~X.},
    title = "{Low-metallicity Absorbers Account for Half of the Dense Circumgalactic Gas at z {\lsim} 1}",
  journal = {\apj},
archivePrefix = "arXiv",
   eprint = {1608.02584},
 keywords = {cosmology: observations, galaxies: abundances, galaxies: evolution, galaxies: halos, intergalactic medium, quasars: absorption lines},
     year = 2016,
    month = nov,
   volume = 831,
      eid = {95},
    pages = {95},
      doi = {10.3847/0004-637X/831/1/95},
   adsurl = {http://adsabs.harvard.edu/abs/2016ApJ...831...95W},
  adsnote = {Provided by the SAO/NASA Astrophysics Data System}
}


@ARTICLE{Yuan2013,
   author = {{Yuan}, T.-T. and {Kewley}, L.~J. and {Richard}, J.},
    title = "{The Metallicity Evolution of Star-forming Galaxies from Redshift 0 to 3: Combining Magnitude-limited Survey with Gravitational Lensing}",
  journal = {\apj},
archivePrefix = "arXiv",
   eprint = {1211.6423},
 keywords = {galaxies: abundances, galaxies: evolution, galaxies: high-redshift, gravitational lensing: strong},
     year = 2013,
    month = jan,
   volume = 763,
      eid = {9},
    pages = {9},
      doi = {10.1088/0004-637X/763/1/9},
   adsurl = {http://adsabs.harvard.edu/abs/2013ApJ...763....9Y},
  adsnote = {Provided by the SAO/NASA Astrophysics Data System}
}

@ARTICLE{Zhu2013,
   author = {{Zhu}, G. and {M{\'e}nard}, B.},
    title = "{The JHU-SDSS Metal Absorption Line Catalog: Redshift Evolution and Properties of Mg II Absorbers}",
  journal = {\apj},
archivePrefix = "arXiv",
   eprint = {1211.6215},
 keywords = {galaxies: evolution, galaxies: halos, intergalactic medium, quasars: absorption lines },
     year = 2013,
    month = jun,
   volume = 770,
      eid = {130},
    pages = {130},
      doi = {10.1088/0004-637X/770/2/130},
   adsurl = {http://adsabs.harvard.edu/abs/2013ApJ...770..130Z},
  adsnote = {Provided by the SAO/NASA Astrophysics Data System}
}

@ARTICLE{Zhu2015,
   author = {{Zhu}, B.~G. and {Comparat}, J. and {Kneib}, J.-P. and {Delubac}, T. and 
	{Raichoor}, A. and {Dawson}, K.~S. and {Newman}, J. and {Y{\`e}che}, C. and 
	{Zhou}, X. and {Schneider}, D.~P.},
    title = "{Near-ultraviolet Spectroscopy of Star-forming Galaxies from eBOSS: Signatures of Ubiquitous Galactic-scale Outflows}",
  journal = {\apj},
 keywords = {galaxies: evolution, galaxies: ISM, intergalactic medium, quasars: absorption lines, surveys, ultraviolet: galaxies},
     year = 2015,
    month = dec,
   volume = 815,
      eid = {48},
    pages = {48},
      doi = {10.1088/0004-637X/815/1/48},
   adsurl = {http://adsabs.harvard.edu/abs/2015ApJ...815...48B},
  adsnote = {Provided by the SAO/NASA Astrophysics Data System}
}

@ARTICLE{Zibetti2007,
   author = {{Zibetti}, S. and {M{\'e}nard}, B. and {Nestor}, D.~B. and {Quider}, A.~M. and 
	{Rao}, S.~M. and {Turnshek}, D.~A.},
    title = "{Optical Properties and Spatial Distribution of Mg II Absorbers from SDSS Image Stacking}",
  journal = {\apj},
   eprint = {astro-ph/0609760},
 keywords = {Galaxies: Evolution, Galaxies: Halos, Galaxies: Photometry, Galaxies: Statistics, Galaxies: Quasars: Absorption Lines, Techniques: Photometric},
     year = 2007,
    month = mar,
   volume = 658,
    pages = {161-184},
      doi = {10.1086/511300},
   adsurl = {http://adsabs.harvard.edu/abs/2007ApJ...658..161Z},
  adsnote = {Provided by the SAO/NASA Astrophysics Data System}
}

